%YAML 1.1
%TAG !u! tag:unity3d.com,2011:
--- !u!1 &49873317188330278
GameObject:
  m_ObjectHideFlags: 0
  m_CorrespondingSourceObject: {fileID: 0}
  m_PrefabInstance: {fileID: 0}
  m_PrefabAsset: {fileID: 0}
  serializedVersion: 6
  m_Component:
  - component: {fileID: 6180967673215124940}
  m_Layer: 0
  m_Name: mouth
  m_TagString: Untagged
  m_Icon: {fileID: 0}
  m_NavMeshLayer: 0
  m_StaticEditorFlags: 0
  m_IsActive: 1
--- !u!4 &6180967673215124940
Transform:
  m_ObjectHideFlags: 0
  m_CorrespondingSourceObject: {fileID: 0}
  m_PrefabInstance: {fileID: 0}
  m_PrefabAsset: {fileID: 0}
  m_GameObject: {fileID: 49873317188330278}
  m_LocalRotation: {x: -6.0523985e-17, y: 1, z: -3.63804e-12, w: 0.00000019470718}
  m_LocalPosition: {x: 0.000010085339, y: 0.0066496716, z: 0.00033453523}
  m_LocalScale: {x: 1, y: 1, z: 1}
  m_Children:
  - {fileID: 781212153182154108}
  - {fileID: 7197542004326007224}
  - {fileID: 6736414864748880107}
  - {fileID: 3167769064398865914}
  - {fileID: 6604052238465311953}
  m_Father: {fileID: 6360825143835861561}
  m_RootOrder: 6
  m_LocalEulerAnglesHint: {x: 0, y: 0, z: 0}
--- !u!1 &116916385566982474
GameObject:
  m_ObjectHideFlags: 0
  m_CorrespondingSourceObject: {fileID: 0}
  m_PrefabInstance: {fileID: 0}
  m_PrefabAsset: {fileID: 0}
  serializedVersion: 6
  m_Component:
  - component: {fileID: 7379431966434456319}
  m_Layer: 0
  m_Name: ring3.L
  m_TagString: Untagged
  m_Icon: {fileID: 0}
  m_NavMeshLayer: 0
  m_StaticEditorFlags: 0
  m_IsActive: 1
--- !u!4 &7379431966434456319
Transform:
  m_ObjectHideFlags: 0
  m_CorrespondingSourceObject: {fileID: 0}
  m_PrefabInstance: {fileID: 0}
  m_PrefabAsset: {fileID: 0}
  m_GameObject: {fileID: 116916385566982474}
  m_LocalRotation: {x: -0.011989078, y: 0.00007333657, z: 0.0025289098, w: 0.99992496}
  m_LocalPosition: {x: 2.9802322e-10, y: 0.0024287796, z: 8.1490726e-12}
  m_LocalScale: {x: 0.9999998, y: 0.99999976, z: 0.9999999}
  m_Children: []
  m_Father: {fileID: 2345219989126018607}
  m_RootOrder: 0
  m_LocalEulerAnglesHint: {x: 0, y: 0, z: 0}
--- !u!1 &213290436678222194
GameObject:
  m_ObjectHideFlags: 0
  m_CorrespondingSourceObject: {fileID: 0}
  m_PrefabInstance: {fileID: 0}
  m_PrefabAsset: {fileID: 0}
  serializedVersion: 6
  m_Component:
  - component: {fileID: 1132123272071293194}
  m_Layer: 0
  m_Name: brow2.R
  m_TagString: Untagged
  m_Icon: {fileID: 0}
  m_NavMeshLayer: 0
  m_StaticEditorFlags: 0
  m_IsActive: 1
--- !u!4 &1132123272071293194
Transform:
  m_ObjectHideFlags: 0
  m_CorrespondingSourceObject: {fileID: 0}
  m_PrefabInstance: {fileID: 0}
  m_PrefabAsset: {fileID: 0}
  m_GameObject: {fileID: 213290436678222194}
  m_LocalRotation: {x: 3.637979e-12, y: -0.00000003178579, z: -3.1170812e-19, w: 1}
  m_LocalPosition: {x: -0.0001950896, y: 0.0043836036, z: 0.002272246}
  m_LocalScale: {x: 1, y: 1, z: 1}
  m_Children: []
  m_Father: {fileID: 1623880967985472667}
  m_RootOrder: 1
  m_LocalEulerAnglesHint: {x: 0, y: 0, z: 0}
--- !u!1 &350896975625151864
GameObject:
  m_ObjectHideFlags: 0
  m_CorrespondingSourceObject: {fileID: 0}
  m_PrefabInstance: {fileID: 0}
  m_PrefabAsset: {fileID: 0}
  serializedVersion: 6
  m_Component:
  - component: {fileID: 982216509570322876}
  m_Layer: 0
  m_Name: pointer3.L
  m_TagString: Untagged
  m_Icon: {fileID: 0}
  m_NavMeshLayer: 0
  m_StaticEditorFlags: 0
  m_IsActive: 1
--- !u!4 &982216509570322876
Transform:
  m_ObjectHideFlags: 0
  m_CorrespondingSourceObject: {fileID: 0}
  m_PrefabInstance: {fileID: 0}
  m_PrefabAsset: {fileID: 0}
  m_GameObject: {fileID: 350896975625151864}
  m_LocalRotation: {x: 0.026612205, y: 0.000021711847, z: -0.0037733628, w: 0.99963874}
  m_LocalPosition: {x: -0.0000000043492765, y: 0.00230535, z: -1.8626451e-11}
  m_LocalScale: {x: 0.99999976, y: 0.9999997, z: 0.9999998}
  m_Children: []
  m_Father: {fileID: 2202898213023845971}
  m_RootOrder: 0
  m_LocalEulerAnglesHint: {x: 0, y: 0, z: 0}
--- !u!1 &403999954784019705
GameObject:
  m_ObjectHideFlags: 0
  m_CorrespondingSourceObject: {fileID: 0}
  m_PrefabInstance: {fileID: 0}
  m_PrefabAsset: {fileID: 0}
  serializedVersion: 6
  m_Component:
  - component: {fileID: 1135593240478124997}
  m_Layer: 0
  m_Name: Base
  m_TagString: Untagged
  m_Icon: {fileID: 0}
  m_NavMeshLayer: 0
  m_StaticEditorFlags: 0
  m_IsActive: 1
--- !u!4 &1135593240478124997
Transform:
  m_ObjectHideFlags: 0
  m_CorrespondingSourceObject: {fileID: 0}
  m_PrefabInstance: {fileID: 0}
  m_PrefabAsset: {fileID: 0}
  m_GameObject: {fileID: 403999954784019705}
  m_LocalRotation: {x: 1, y: -9.1883776e-14, z: -0.0000021020558, w: -0.00000004371139}
  m_LocalPosition: {x: -0, y: -5.9604643e-10, z: -0.072703294}
  m_LocalScale: {x: 1, y: 1, z: 1}
  m_Children:
  - {fileID: 6494707560657033949}
  - {fileID: 3228991642958987122}
  - {fileID: 6496929282050619132}
  - {fileID: 3014446422811344058}
  - {fileID: 3556770186282433790}
  m_Father: {fileID: 3934623674483891301}
  m_RootOrder: 0
  m_LocalEulerAnglesHint: {x: 0, y: 0, z: 0}
--- !u!1 &418898172695110850
GameObject:
  m_ObjectHideFlags: 0
  m_CorrespondingSourceObject: {fileID: 0}
  m_PrefabInstance: {fileID: 0}
  m_PrefabAsset: {fileID: 0}
  serializedVersion: 6
  m_Component:
  - component: {fileID: 2393625943595510677}
  m_Layer: 0
  m_Name: bicep.L
  m_TagString: Untagged
  m_Icon: {fileID: 0}
  m_NavMeshLayer: 0
  m_StaticEditorFlags: 0
  m_IsActive: 1
--- !u!4 &2393625943595510677
Transform:
  m_ObjectHideFlags: 0
  m_CorrespondingSourceObject: {fileID: 0}
  m_PrefabInstance: {fileID: 0}
  m_PrefabAsset: {fileID: 0}
  m_GameObject: {fileID: 418898172695110850}
  m_LocalRotation: {x: 0.02175094, y: 0.02366575, z: 0.41177595, w: 0.9107181}
  m_LocalPosition: {x: -0.000000005273614, y: 0.008068178, z: 0}
  m_LocalScale: {x: 0.9999998, y: 0.9999999, z: 0.99999994}
  m_Children:
  - {fileID: 6269300608898216185}
  m_Father: {fileID: 7833413925887789518}
  m_RootOrder: 0
  m_LocalEulerAnglesHint: {x: 0, y: 0, z: 0}
--- !u!1 &514569487108619503
GameObject:
  m_ObjectHideFlags: 0
  m_CorrespondingSourceObject: {fileID: 0}
  m_PrefabInstance: {fileID: 0}
  m_PrefabAsset: {fileID: 0}
  serializedVersion: 6
  m_Component:
  - component: {fileID: 958367913641370118}
  m_Layer: 0
  m_Name: brow3.R
  m_TagString: Untagged
  m_Icon: {fileID: 0}
  m_NavMeshLayer: 0
  m_StaticEditorFlags: 0
  m_IsActive: 1
--- !u!4 &958367913641370118
Transform:
  m_ObjectHideFlags: 0
  m_CorrespondingSourceObject: {fileID: 0}
  m_PrefabInstance: {fileID: 0}
  m_PrefabAsset: {fileID: 0}
  m_GameObject: {fileID: 514569487108619503}
  m_LocalRotation: {x: 3.637979e-12, y: -0.00000003178579, z: -3.1170812e-19, w: 1}
  m_LocalPosition: {x: -0.002438612, y: 0.0026275301, z: 0.002048433}
  m_LocalScale: {x: 1, y: 1, z: 1}
  m_Children: []
  m_Father: {fileID: 1623880967985472667}
  m_RootOrder: 2
  m_LocalEulerAnglesHint: {x: 0, y: 0, z: 0}
--- !u!1 &611948721011142622
GameObject:
  m_ObjectHideFlags: 0
  m_CorrespondingSourceObject: {fileID: 0}
  m_PrefabInstance: {fileID: 0}
  m_PrefabAsset: {fileID: 0}
  serializedVersion: 6
  m_Component:
  - component: {fileID: 4389258969927918840}
  m_Layer: 0
  m_Name: chin
  m_TagString: Untagged
  m_Icon: {fileID: 0}
  m_NavMeshLayer: 0
  m_StaticEditorFlags: 0
  m_IsActive: 1
--- !u!4 &4389258969927918840
Transform:
  m_ObjectHideFlags: 0
  m_CorrespondingSourceObject: {fileID: 0}
  m_PrefabInstance: {fileID: 0}
  m_PrefabAsset: {fileID: 0}
  m_GameObject: {fileID: 611948721011142622}
  m_LocalRotation: {x: -0.00000014443165, y: 0.97498554, z: -0.22226839, w: -0.00000016677642}
  m_LocalPosition: {x: 0.000010086167, y: 0.008719169, z: 0.0009892946}
  m_LocalScale: {x: 1, y: 0.9999998, z: 0.9999999}
  m_Children: []
  m_Father: {fileID: 781212153182154108}
  m_RootOrder: 0
  m_LocalEulerAnglesHint: {x: 0, y: 0, z: 0}
--- !u!1 &684850101502841403
GameObject:
  m_ObjectHideFlags: 0
  m_CorrespondingSourceObject: {fileID: 0}
  m_PrefabInstance: {fileID: 0}
  m_PrefabAsset: {fileID: 0}
  serializedVersion: 6
  m_Component:
  - component: {fileID: 1698824779998191085}
  m_Layer: 0
  m_Name: shoulder.R
  m_TagString: Untagged
  m_Icon: {fileID: 0}
  m_NavMeshLayer: 0
  m_StaticEditorFlags: 0
  m_IsActive: 1
--- !u!4 &1698824779998191085
Transform:
  m_ObjectHideFlags: 0
  m_CorrespondingSourceObject: {fileID: 0}
  m_PrefabInstance: {fileID: 0}
  m_PrefabAsset: {fileID: 0}
  m_GameObject: {fileID: 684850101502841403}
  m_LocalRotation: {x: 0.012784982, y: 0.047728684, z: -0.7128337, w: 0.6995903}
  m_LocalPosition: {x: 0.0035908867, y: 0.0032074514, z: -0.0013325637}
  m_LocalScale: {x: 1.0000001, y: 1.0000001, z: 1}
  m_Children:
  - {fileID: 7342249509140685903}
  m_Father: {fileID: 1394512354187573402}
  m_RootOrder: 2
  m_LocalEulerAnglesHint: {x: 0, y: 0, z: 0}
--- !u!1 &725423911210587935
GameObject:
  m_ObjectHideFlags: 0
  m_CorrespondingSourceObject: {fileID: 0}
  m_PrefabInstance: {fileID: 0}
  m_PrefabAsset: {fileID: 0}
  serializedVersion: 6
  m_Component:
  - component: {fileID: 6052809634742802205}
  m_Layer: 0
  m_Name: neck
  m_TagString: Untagged
  m_Icon: {fileID: 0}
  m_NavMeshLayer: 0
  m_StaticEditorFlags: 0
  m_IsActive: 1
--- !u!4 &6052809634742802205
Transform:
  m_ObjectHideFlags: 0
  m_CorrespondingSourceObject: {fileID: 0}
  m_PrefabInstance: {fileID: 0}
  m_PrefabAsset: {fileID: 0}
  m_GameObject: {fileID: 725423911210587935}
  m_LocalRotation: {x: 0.12744746, y: -8.360201e-15, z: -0.00000003038584, w: 0.9918453}
  m_LocalPosition: {x: -0, y: 0.008697728, z: 2.264855e-16}
  m_LocalScale: {x: 1, y: 1, z: 0.99999994}
  m_Children:
  - {fileID: 6360825143835861561}
  m_Father: {fileID: 1394512354187573402}
  m_RootOrder: 0
  m_LocalEulerAnglesHint: {x: 0, y: 0, z: 0}
--- !u!1 &766958928301429173
GameObject:
  m_ObjectHideFlags: 0
  m_CorrespondingSourceObject: {fileID: 0}
  m_PrefabInstance: {fileID: 0}
  m_PrefabAsset: {fileID: 0}
  serializedVersion: 6
  m_Component:
  - component: {fileID: 7030493732672439125}
  m_Layer: 0
  m_Name: pointer1.R
  m_TagString: Untagged
  m_Icon: {fileID: 0}
  m_NavMeshLayer: 0
  m_StaticEditorFlags: 0
  m_IsActive: 1
--- !u!4 &7030493732672439125
Transform:
  m_ObjectHideFlags: 0
  m_CorrespondingSourceObject: {fileID: 0}
  m_PrefabInstance: {fileID: 0}
  m_PrefabAsset: {fileID: 0}
  m_GameObject: {fileID: 766958928301429173}
  m_LocalRotation: {x: -0.052890323, y: -0.0036710752, z: -0.0607041, w: 0.9967468}
  m_LocalPosition: {x: 0.0010329402, y: 0.009186065, z: 0.0018442147}
  m_LocalScale: {x: 1, y: 0.9999999, z: 0.99999994}
  m_Children:
  - {fileID: 2406736866556770657}
  m_Father: {fileID: 3368702856059497969}
  m_RootOrder: 2
  m_LocalEulerAnglesHint: {x: 0, y: 0, z: 0}
--- !u!1 &867056429324968517
GameObject:
  m_ObjectHideFlags: 0
  m_CorrespondingSourceObject: {fileID: 0}
  m_PrefabInstance: {fileID: 0}
  m_PrefabAsset: {fileID: 0}
  serializedVersion: 6
  m_Component:
  - component: {fileID: 6388584214045264765}
  m_Layer: 0
  m_Name: eye.L
  m_TagString: Untagged
  m_Icon: {fileID: 0}
  m_NavMeshLayer: 0
  m_StaticEditorFlags: 0
  m_IsActive: 1
--- !u!4 &6388584214045264765
Transform:
  m_ObjectHideFlags: 0
  m_CorrespondingSourceObject: {fileID: 0}
  m_PrefabInstance: {fileID: 0}
  m_PrefabAsset: {fileID: 0}
  m_GameObject: {fileID: 867056429324968517}
  m_LocalRotation: {x: -0.03737522, y: 0.9993013, z: 0.000031003918, w: 0.0000026140342}
  m_LocalPosition: {x: 6.1750625e-11, y: 0.0012004443, z: 0.000000010863764}
  m_LocalScale: {x: 0.99999994, y: 0.9999998, z: 1}
  m_Children: []
  m_Father: {fileID: 8663551413833467711}
  m_RootOrder: 3
  m_LocalEulerAnglesHint: {x: 0, y: 0, z: 0}
--- !u!1 &911794783598696654
GameObject:
  m_ObjectHideFlags: 0
  m_CorrespondingSourceObject: {fileID: 0}
  m_PrefabInstance: {fileID: 0}
  m_PrefabAsset: {fileID: 0}
  serializedVersion: 6
  m_Component:
  - component: {fileID: 2182582609664528029}
  m_Layer: 0
  m_Name: pinky3.L
  m_TagString: Untagged
  m_Icon: {fileID: 0}
  m_NavMeshLayer: 0
  m_StaticEditorFlags: 0
  m_IsActive: 1
--- !u!4 &2182582609664528029
Transform:
  m_ObjectHideFlags: 0
  m_CorrespondingSourceObject: {fileID: 0}
  m_PrefabInstance: {fileID: 0}
  m_PrefabAsset: {fileID: 0}
  m_GameObject: {fileID: 911794783598696654}
  m_LocalRotation: {x: 0.015691718, y: -0.00094597373, z: -0.033013757, w: 0.99933124}
  m_LocalPosition: {x: -0.000000004310277, y: 0.0019011868, z: -3.7252902e-11}
  m_LocalScale: {x: 0.9999998, y: 0.99999976, z: 0.9999998}
  m_Children: []
  m_Father: {fileID: 8317742926874933096}
  m_RootOrder: 0
  m_LocalEulerAnglesHint: {x: 0, y: 0, z: 0}
--- !u!1 &1095811695160768985
GameObject:
  m_ObjectHideFlags: 0
  m_CorrespondingSourceObject: {fileID: 0}
  m_PrefabInstance: {fileID: 0}
  m_PrefabAsset: {fileID: 0}
  serializedVersion: 6
  m_Component:
  - component: {fileID: 7023009261001469799}
  m_Layer: 0
  m_Name: ring1.L
  m_TagString: Untagged
  m_Icon: {fileID: 0}
  m_NavMeshLayer: 0
  m_StaticEditorFlags: 0
  m_IsActive: 1
--- !u!4 &7023009261001469799
Transform:
  m_ObjectHideFlags: 0
  m_CorrespondingSourceObject: {fileID: 0}
  m_PrefabInstance: {fileID: 0}
  m_PrefabAsset: {fileID: 0}
  m_GameObject: {fileID: 1095811695160768985}
  m_LocalRotation: {x: -0.05179804, y: 0.0075339535, z: 0.09288994, w: 0.9942996}
  m_LocalPosition: {x: -0.0010362405, y: 0.009160242, z: -0.002116469}
  m_LocalScale: {x: 1.0000001, y: 1, z: 1}
  m_Children:
  - {fileID: 2345219989126018607}
  m_Father: {fileID: 444117929621704350}
  m_RootOrder: 3
  m_LocalEulerAnglesHint: {x: 0, y: 0, z: 0}
--- !u!1 &1108511499262774852
GameObject:
  m_ObjectHideFlags: 0
  m_CorrespondingSourceObject: {fileID: 0}
  m_PrefabInstance: {fileID: 0}
  m_PrefabAsset: {fileID: 0}
  serializedVersion: 6
  m_Component:
  - component: {fileID: 7708217716058017057}
  m_Layer: 0
  m_Name: spine2
  m_TagString: Untagged
  m_Icon: {fileID: 0}
  m_NavMeshLayer: 0
  m_StaticEditorFlags: 0
  m_IsActive: 1
--- !u!4 &7708217716058017057
Transform:
  m_ObjectHideFlags: 0
  m_CorrespondingSourceObject: {fileID: 0}
  m_PrefabInstance: {fileID: 0}
  m_PrefabAsset: {fileID: 0}
  m_GameObject: {fileID: 1108511499262774852}
  m_LocalRotation: {x: -0.11561618, y: -0.00000023681974, z: 9.973614e-14, w: 0.993294}
  m_LocalPosition: {x: -1.4210854e-16, y: 0.01173774, z: -2.9802344e-10}
  m_LocalScale: {x: 0.99999994, y: 0.99999994, z: 0.9999998}
  m_Children:
  - {fileID: 2664053001855162268}
  m_Father: {fileID: 7591195826609770051}
  m_RootOrder: 2
  m_LocalEulerAnglesHint: {x: 0, y: 0, z: 0}
--- !u!1 &1223462892869429738
GameObject:
  m_ObjectHideFlags: 0
  m_CorrespondingSourceObject: {fileID: 0}
  m_PrefabInstance: {fileID: 0}
  m_PrefabAsset: {fileID: 0}
  serializedVersion: 6
  m_Component:
  - component: {fileID: 1623880967985472667}
  m_Layer: 0
  m_Name: eyesocket.R
  m_TagString: Untagged
  m_Icon: {fileID: 0}
  m_NavMeshLayer: 0
  m_StaticEditorFlags: 0
  m_IsActive: 1
--- !u!4 &1623880967985472667
Transform:
  m_ObjectHideFlags: 0
  m_CorrespondingSourceObject: {fileID: 0}
  m_PrefabInstance: {fileID: 0}
  m_PrefabAsset: {fileID: 0}
  m_GameObject: {fileID: 1223462892869429738}
  m_LocalRotation: {x: 6.00903e-17, y: 1, z: -3.63804e-12, w: -0.00000031391647}
  m_LocalPosition: {x: 0.00372281, y: 0.0057579377, z: -0.0063735833}
  m_LocalScale: {x: 1, y: 1, z: 1}
  m_Children:
  - {fileID: 3037228370479963997}
  - {fileID: 1132123272071293194}
  - {fileID: 958367913641370118}
  - {fileID: 1635426304356978531}
  - {fileID: 7000660295325332742}
  - {fileID: 7130498786772398701}
  m_Father: {fileID: 6360825143835861561}
  m_RootOrder: 5
  m_LocalEulerAnglesHint: {x: 0, y: 0, z: 0}
--- !u!1 &1275017857191820500
GameObject:
  m_ObjectHideFlags: 0
  m_CorrespondingSourceObject: {fileID: 0}
  m_PrefabInstance: {fileID: 0}
  m_PrefabAsset: {fileID: 0}
  serializedVersion: 6
  m_Component:
  - component: {fileID: 7130498786772398701}
  m_Layer: 0
  m_Name: lid2.R
  m_TagString: Untagged
  m_Icon: {fileID: 0}
  m_NavMeshLayer: 0
  m_StaticEditorFlags: 0
  m_IsActive: 1
--- !u!4 &7130498786772398701
Transform:
  m_ObjectHideFlags: 0
  m_CorrespondingSourceObject: {fileID: 0}
  m_PrefabInstance: {fileID: 0}
  m_PrefabAsset: {fileID: 0}
  m_GameObject: {fileID: 1275017857191820500}
  m_LocalRotation: {x: -0.36439928, y: 0.00000026273213, z: -0.00000029973307, w: 0.9312428}
  m_LocalPosition: {x: -3.6957695e-10, y: 0.001200444, z: 0.00051300204}
  m_LocalScale: {x: 0.9999999, y: 0.99999976, z: 0.9999999}
  m_Children: []
  m_Father: {fileID: 1623880967985472667}
  m_RootOrder: 5
  m_LocalEulerAnglesHint: {x: 0, y: 0, z: 0}
--- !u!1 &1289287102285668831
GameObject:
  m_ObjectHideFlags: 0
  m_CorrespondingSourceObject: {fileID: 0}
  m_PrefabInstance: {fileID: 0}
  m_PrefabAsset: {fileID: 0}
  serializedVersion: 6
  m_Component:
  - component: {fileID: 4036197136177289014}
  m_Layer: 0
  m_Name: thumb2.L
  m_TagString: Untagged
  m_Icon: {fileID: 0}
  m_NavMeshLayer: 0
  m_StaticEditorFlags: 0
  m_IsActive: 1
--- !u!4 &4036197136177289014
Transform:
  m_ObjectHideFlags: 0
  m_CorrespondingSourceObject: {fileID: 0}
  m_PrefabInstance: {fileID: 0}
  m_PrefabAsset: {fileID: 0}
  m_GameObject: {fileID: 1289287102285668831}
  m_LocalRotation: {x: -0.021010127, y: 0.04253812, z: -0.02730212, w: 0.9985007}
  m_LocalPosition: {x: 0.000000005066395, y: 0.0021470152, z: -0.0000000011920929}
  m_LocalScale: {x: 0.9999999, y: 1, z: 0.9999998}
  m_Children:
  - {fileID: 1584109070007407867}
  m_Father: {fileID: 858521349826346257}
  m_RootOrder: 0
  m_LocalEulerAnglesHint: {x: 0, y: 0, z: 0}
--- !u!1 &1310175924440832037
GameObject:
  m_ObjectHideFlags: 0
  m_CorrespondingSourceObject: {fileID: 0}
  m_PrefabInstance: {fileID: 0}
  m_PrefabAsset: {fileID: 0}
  serializedVersion: 6
  m_Component:
  - component: {fileID: 6269300608898216185}
  m_Layer: 0
  m_Name: forearm.L
  m_TagString: Untagged
  m_Icon: {fileID: 0}
  m_NavMeshLayer: 0
  m_StaticEditorFlags: 0
  m_IsActive: 1
--- !u!4 &6269300608898216185
Transform:
  m_ObjectHideFlags: 0
  m_CorrespondingSourceObject: {fileID: 0}
  m_PrefabInstance: {fileID: 0}
  m_PrefabAsset: {fileID: 0}
  m_GameObject: {fileID: 1310175924440832037}
  m_LocalRotation: {x: 0.030591372, y: 0.0027884434, z: -0.0025051634, w: 0.99952495}
  m_LocalPosition: {x: -0.0000000037206336, y: 0.025090039, z: -2.2351741e-10}
  m_LocalScale: {x: 1, y: 0.9999999, z: 0.9999998}
  m_Children:
  - {fileID: 444117929621704350}
  m_Father: {fileID: 2393625943595510677}
  m_RootOrder: 0
  m_LocalEulerAnglesHint: {x: 0, y: 0, z: 0}
--- !u!1 &1364697696102104720
GameObject:
  m_ObjectHideFlags: 0
  m_CorrespondingSourceObject: {fileID: 0}
  m_PrefabInstance: {fileID: 0}
  m_PrefabAsset: {fileID: 0}
  serializedVersion: 6
  m_Component:
  - component: {fileID: 3167769064398865914}
  m_Layer: 0
  m_Name: mouth2.L
  m_TagString: Untagged
  m_Icon: {fileID: 0}
  m_NavMeshLayer: 0
  m_StaticEditorFlags: 0
  m_IsActive: 1
--- !u!4 &3167769064398865914
Transform:
  m_ObjectHideFlags: 0
  m_CorrespondingSourceObject: {fileID: 0}
  m_PrefabInstance: {fileID: 0}
  m_PrefabAsset: {fileID: 0}
  m_GameObject: {fileID: 1364697696102104720}
  m_LocalRotation: {x: 3.637979e-12, y: -2.5579538e-13, z: 5.556536e-19, w: 1}
  m_LocalPosition: {x: 0.0009198109, y: 0.0033996864, z: 0.0004600369}
  m_LocalScale: {x: 1, y: 1, z: 1}
  m_Children: []
  m_Father: {fileID: 6180967673215124940}
  m_RootOrder: 3
  m_LocalEulerAnglesHint: {x: 0, y: 0, z: 0}
--- !u!1 &1367242123100915941
GameObject:
  m_ObjectHideFlags: 0
  m_CorrespondingSourceObject: {fileID: 0}
  m_PrefabInstance: {fileID: 0}
  m_PrefabAsset: {fileID: 0}
  serializedVersion: 6
  m_Component:
  - component: {fileID: 3493055239820563949}
  m_Layer: 0
  m_Name: foot.R
  m_TagString: Untagged
  m_Icon: {fileID: 0}
  m_NavMeshLayer: 0
  m_StaticEditorFlags: 0
  m_IsActive: 1
--- !u!4 &3493055239820563949
Transform:
  m_ObjectHideFlags: 0
  m_CorrespondingSourceObject: {fileID: 0}
  m_PrefabInstance: {fileID: 0}
  m_PrefabAsset: {fileID: 0}
  m_GameObject: {fileID: 1367242123100915941}
  m_LocalRotation: {x: 0.67633086, y: 0.024367083, z: -0.024211332, w: 0.7357966}
  m_LocalPosition: {x: 1.11758706e-10, y: 0.04876856, z: -1.11758706e-10}
  m_LocalScale: {x: 0.9999998, y: 0.9999998, z: 0.9999999}
  m_Children:
  - {fileID: 363702381267154215}
  m_Father: {fileID: 1221653556537823779}
  m_RootOrder: 0
  m_LocalEulerAnglesHint: {x: 0, y: 0, z: 0}
--- !u!1 &1502129639086832249
GameObject:
  m_ObjectHideFlags: 0
  m_CorrespondingSourceObject: {fileID: 0}
  m_PrefabInstance: {fileID: 0}
  m_PrefabAsset: {fileID: 0}
  serializedVersion: 6
  m_Component:
  - component: {fileID: 7412130451840543479}
  m_Layer: 0
  m_Name: middle3.L
  m_TagString: Untagged
  m_Icon: {fileID: 0}
  m_NavMeshLayer: 0
  m_StaticEditorFlags: 0
  m_IsActive: 1
--- !u!4 &7412130451840543479
Transform:
  m_ObjectHideFlags: 0
  m_CorrespondingSourceObject: {fileID: 0}
  m_PrefabInstance: {fileID: 0}
  m_PrefabAsset: {fileID: 0}
  m_GameObject: {fileID: 1502129639086832249}
  m_LocalRotation: {x: 0.0066298177, y: 0.00013423777, z: -0.010846715, w: 0.99991924}
  m_LocalPosition: {x: -0.0000000045541673, y: 0.002516054, z: -1.11758706e-10}
  m_LocalScale: {x: 0.9999998, y: 0.99999994, z: 0.99999994}
  m_Children: []
  m_Father: {fileID: 2065070716737896185}
  m_RootOrder: 0
  m_LocalEulerAnglesHint: {x: 0, y: 0, z: 0}
--- !u!1 &1619635455701165374
GameObject:
  m_ObjectHideFlags: 0
  m_CorrespondingSourceObject: {fileID: 0}
  m_PrefabInstance: {fileID: 0}
  m_PrefabAsset: {fileID: 0}
  serializedVersion: 6
  m_Component:
  - component: {fileID: 1221653556537823779}
  m_Layer: 0
  m_Name: shin.R
  m_TagString: Untagged
  m_Icon: {fileID: 0}
  m_NavMeshLayer: 0
  m_StaticEditorFlags: 0
  m_IsActive: 1
--- !u!4 &1221653556537823779
Transform:
  m_ObjectHideFlags: 0
  m_CorrespondingSourceObject: {fileID: 0}
  m_PrefabInstance: {fileID: 0}
  m_PrefabAsset: {fileID: 0}
  m_GameObject: {fileID: 1619635455701165374}
  m_LocalRotation: {x: -0.01133663, y: -0.043474656, z: -0.00012454188, w: 0.99899024}
  m_LocalPosition: {x: 3.4458936e-10, y: 0.04050602, z: -4.842877e-10}
  m_LocalScale: {x: 0.99999994, y: 1, z: 1.0000002}
  m_Children:
  - {fileID: 3493055239820563949}
  m_Father: {fileID: 6923276659408926105}
  m_RootOrder: 0
  m_LocalEulerAnglesHint: {x: 0, y: 0, z: 0}
--- !u!1 &1653027327730894064
GameObject:
  m_ObjectHideFlags: 0
  m_CorrespondingSourceObject: {fileID: 0}
  m_PrefabInstance: {fileID: 0}
  m_PrefabAsset: {fileID: 0}
  serializedVersion: 6
  m_Component:
  - component: {fileID: 465731526913358997}
  m_Layer: 0
  m_Name: foot.L
  m_TagString: Untagged
  m_Icon: {fileID: 0}
  m_NavMeshLayer: 0
  m_StaticEditorFlags: 0
  m_IsActive: 1
--- !u!4 &465731526913358997
Transform:
  m_ObjectHideFlags: 0
  m_CorrespondingSourceObject: {fileID: 0}
  m_PrefabInstance: {fileID: 0}
  m_PrefabAsset: {fileID: 0}
  m_GameObject: {fileID: 1653027327730894064}
  m_LocalRotation: {x: 0.6763343, y: -0.024277624, z: 0.024601113, w: 0.73578346}
  m_LocalPosition: {x: -1.11758706e-10, y: 0.048768308, z: 7.4505804e-11}
  m_LocalScale: {x: 0.9999999, y: 0.9999999, z: 0.99999994}
  m_Children:
  - {fileID: 5681430328216981389}
  m_Father: {fileID: 3986259233155461935}
  m_RootOrder: 0
  m_LocalEulerAnglesHint: {x: 0, y: 0, z: 0}
--- !u!1 &1675069727873997326
GameObject:
  m_ObjectHideFlags: 0
  m_CorrespondingSourceObject: {fileID: 0}
  m_PrefabInstance: {fileID: 0}
  m_PrefabAsset: {fileID: 0}
  serializedVersion: 6
  m_Component:
  - component: {fileID: 6494707560657033949}
  m_Layer: 0
  m_Name: eyesTarget.001
  m_TagString: Untagged
  m_Icon: {fileID: 0}
  m_NavMeshLayer: 0
  m_StaticEditorFlags: 0
  m_IsActive: 1
--- !u!4 &6494707560657033949
Transform:
  m_ObjectHideFlags: 0
  m_CorrespondingSourceObject: {fileID: 0}
  m_PrefabInstance: {fileID: 0}
  m_PrefabAsset: {fileID: 0}
  m_GameObject: {fileID: 1675069727873997326}
  m_LocalRotation: {x: 0, y: 0.000002026558, z: -0, w: 1}
  m_LocalPosition: {x: -0.0000006571588, y: 0.060071144, z: -0.15608726}
  m_LocalScale: {x: 1, y: 1, z: 1}
  m_Children: []
  m_Father: {fileID: 1135593240478124997}
  m_RootOrder: 0
  m_LocalEulerAnglesHint: {x: 0, y: 0, z: 0}
--- !u!1 &1855086267451275709
GameObject:
  m_ObjectHideFlags: 0
  m_CorrespondingSourceObject: {fileID: 0}
  m_PrefabInstance: {fileID: 0}
  m_PrefabAsset: {fileID: 0}
  serializedVersion: 6
  m_Component:
  - component: {fileID: 3556770186282433790}
  m_Layer: 0
  m_Name: root
  m_TagString: Untagged
  m_Icon: {fileID: 0}
  m_NavMeshLayer: 0
  m_StaticEditorFlags: 0
  m_IsActive: 1
--- !u!4 &3556770186282433790
Transform:
  m_ObjectHideFlags: 0
  m_CorrespondingSourceObject: {fileID: 0}
  m_PrefabInstance: {fileID: 0}
  m_PrefabAsset: {fileID: 0}
  m_GameObject: {fileID: 1855086267451275709}
  m_LocalRotation: {x: 0.9781094, y: -0.00000043741903, z: -0.0000020560449, w: -0.20809121}
  m_LocalPosition: {x: -0.00000041637958, y: 0.0034228927, z: -0.098814964}
  m_LocalScale: {x: 1, y: 1, z: 1.0000019}
  m_Children:
  - {fileID: 6303833245762550888}
  - {fileID: 7591195826609770051}
  m_Father: {fileID: 1135593240478124997}
  m_RootOrder: 4
  m_LocalEulerAnglesHint: {x: 0, y: 0, z: 0}
--- !u!1 &2004187776024832390
GameObject:
  m_ObjectHideFlags: 0
  m_CorrespondingSourceObject: {fileID: 0}
  m_PrefabInstance: {fileID: 0}
  m_PrefabAsset: {fileID: 0}
  serializedVersion: 6
  m_Component:
  - component: {fileID: 1029913142443833933}
  m_Layer: 0
  m_Name: cheek1.R
  m_TagString: Untagged
  m_Icon: {fileID: 0}
  m_NavMeshLayer: 0
  m_StaticEditorFlags: 0
  m_IsActive: 1
--- !u!4 &1029913142443833933
Transform:
  m_ObjectHideFlags: 0
  m_CorrespondingSourceObject: {fileID: 0}
  m_PrefabInstance: {fileID: 0}
  m_PrefabAsset: {fileID: 0}
  m_GameObject: {fileID: 2004187776024832390}
  m_LocalRotation: {x: 6.00903e-17, y: 1, z: -3.63804e-12, w: -0.00000031391647}
  m_LocalPosition: {x: 0.003908495, y: 0.008714414, z: -0.00064361346}
  m_LocalScale: {x: 1, y: 1, z: 1}
  m_Children: []
  m_Father: {fileID: 6360825143835861561}
  m_RootOrder: 1
  m_LocalEulerAnglesHint: {x: 0, y: 0, z: 0}
--- !u!1 &2008339884349869198
GameObject:
  m_ObjectHideFlags: 0
  m_CorrespondingSourceObject: {fileID: 0}
  m_PrefabInstance: {fileID: 0}
  m_PrefabAsset: {fileID: 0}
  serializedVersion: 6
  m_Component:
  - component: {fileID: 6496599507544101931}
  m_Layer: 0
  m_Name: cheek1.L
  m_TagString: Untagged
  m_Icon: {fileID: 0}
  m_NavMeshLayer: 0
  m_StaticEditorFlags: 0
  m_IsActive: 1
--- !u!4 &6496599507544101931
Transform:
  m_ObjectHideFlags: 0
  m_CorrespondingSourceObject: {fileID: 0}
  m_PrefabInstance: {fileID: 0}
  m_PrefabAsset: {fileID: 0}
  m_GameObject: {fileID: 2008339884349869198}
  m_LocalRotation: {x: -6.0523985e-17, y: 1, z: -3.63804e-12, w: 0.00000019470718}
  m_LocalPosition: {x: -0.003908493, y: 0.008714414, z: -0.0006436123}
  m_LocalScale: {x: 1, y: 1, z: 1}
  m_Children: []
  m_Father: {fileID: 6360825143835861561}
  m_RootOrder: 0
  m_LocalEulerAnglesHint: {x: 0, y: 0, z: 0}
--- !u!1 &2065941885767750384
GameObject:
  m_ObjectHideFlags: 0
  m_CorrespondingSourceObject: {fileID: 0}
  m_PrefabInstance: {fileID: 0}
  m_PrefabAsset: {fileID: 0}
  serializedVersion: 6
  m_Component:
  - component: {fileID: 7000660295325332742}
  m_Layer: 0
  m_Name: lid1.R
  m_TagString: Untagged
  m_Icon: {fileID: 0}
  m_NavMeshLayer: 0
  m_StaticEditorFlags: 0
  m_IsActive: 1
--- !u!4 &7000660295325332742
Transform:
  m_ObjectHideFlags: 0
  m_CorrespondingSourceObject: {fileID: 0}
  m_PrefabInstance: {fileID: 0}
  m_PrefabAsset: {fileID: 0}
  m_GameObject: {fileID: 2065941885767750384}
  m_LocalRotation: {x: 0.31063002, y: 0.00000026817375, z: 0.00000025550574, w: 0.95053095}
  m_LocalPosition: {x: 7.0823786e-10, y: 0.0012004477, z: -0.00049734913}
  m_LocalScale: {x: 0.9999999, y: 0.9999998, z: 0.9999999}
  m_Children: []
  m_Father: {fileID: 1623880967985472667}
  m_RootOrder: 4
  m_LocalEulerAnglesHint: {x: 0, y: 0, z: 0}
--- !u!1 &2135446210004233060
GameObject:
  m_ObjectHideFlags: 0
  m_CorrespondingSourceObject: {fileID: 0}
  m_PrefabInstance: {fileID: 0}
  m_PrefabAsset: {fileID: 0}
  serializedVersion: 6
  m_Component:
  - component: {fileID: 3986259233155461935}
  m_Layer: 0
  m_Name: shin.L
  m_TagString: Untagged
  m_Icon: {fileID: 0}
  m_NavMeshLayer: 0
  m_StaticEditorFlags: 0
  m_IsActive: 1
--- !u!4 &3986259233155461935
Transform:
  m_ObjectHideFlags: 0
  m_CorrespondingSourceObject: {fileID: 0}
  m_PrefabInstance: {fileID: 0}
  m_PrefabAsset: {fileID: 0}
  m_GameObject: {fileID: 2135446210004233060}
  m_LocalRotation: {x: -0.011370573, y: 0.043673426, z: -0.00064352894, w: 0.998981}
  m_LocalPosition: {x: 0.0000000014761462, y: 0.04050625, z: -2.0489097e-10}
  m_LocalScale: {x: 1.0000001, y: 0.99999976, z: 0.99999994}
  m_Children:
  - {fileID: 465731526913358997}
  m_Father: {fileID: 8759945256908946105}
  m_RootOrder: 0
  m_LocalEulerAnglesHint: {x: 0, y: 0, z: 0}
--- !u!1 &2146800864503390257
GameObject:
  m_ObjectHideFlags: 0
  m_CorrespondingSourceObject: {fileID: 0}
  m_PrefabInstance: {fileID: 0}
  m_PrefabAsset: {fileID: 0}
  serializedVersion: 6
  m_Component:
  - component: {fileID: 8901473556024300265}
  m_Layer: 0
  m_Name: nose
  m_TagString: Untagged
  m_Icon: {fileID: 0}
  m_NavMeshLayer: 0
  m_StaticEditorFlags: 0
  m_IsActive: 1
--- !u!4 &8901473556024300265
Transform:
  m_ObjectHideFlags: 0
  m_CorrespondingSourceObject: {fileID: 0}
  m_PrefabInstance: {fileID: 0}
  m_PrefabAsset: {fileID: 0}
  m_GameObject: {fileID: 2146800864503390257}
  m_LocalRotation: {x: -6.0523985e-17, y: 1, z: -3.63804e-12, w: 0.00000019470718}
  m_LocalPosition: {x: 0.0000100851385, y: 0.009737755, z: -0.0019680068}
  m_LocalScale: {x: 1, y: 1, z: 1}
  m_Children:
  - {fileID: 925646528935479619}
  - {fileID: 920274397961271541}
  m_Father: {fileID: 6360825143835861561}
  m_RootOrder: 7
  m_LocalEulerAnglesHint: {x: 0, y: 0, z: 0}
--- !u!1 &2467411695101080197
GameObject:
  m_ObjectHideFlags: 0
  m_CorrespondingSourceObject: {fileID: 0}
  m_PrefabInstance: {fileID: 0}
  m_PrefabAsset: {fileID: 0}
  serializedVersion: 6
  m_Component:
  - component: {fileID: 7071667946399866166}
  m_Layer: 0
  m_Name: middle1.R
  m_TagString: Untagged
  m_Icon: {fileID: 0}
  m_NavMeshLayer: 0
  m_StaticEditorFlags: 0
  m_IsActive: 1
--- !u!4 &7071667946399866166
Transform:
  m_ObjectHideFlags: 0
  m_CorrespondingSourceObject: {fileID: 0}
  m_PrefabInstance: {fileID: 0}
  m_PrefabAsset: {fileID: 0}
  m_GameObject: {fileID: 2467411695101080197}
  m_LocalRotation: {x: -0.04988452, y: -0.0075581237, z: -0.08986744, w: 0.994675}
  m_LocalPosition: {x: 0.0009015845, y: 0.009409818, z: -0.0002529592}
  m_LocalScale: {x: 1.0000001, y: 0.99999994, z: 1.0000001}
  m_Children:
  - {fileID: 5506798775744331284}
  m_Father: {fileID: 3368702856059497969}
  m_RootOrder: 0
  m_LocalEulerAnglesHint: {x: 0, y: 0, z: 0}
--- !u!1 &2481346398375350261
GameObject:
  m_ObjectHideFlags: 0
  m_CorrespondingSourceObject: {fileID: 0}
  m_PrefabInstance: {fileID: 0}
  m_PrefabAsset: {fileID: 0}
  serializedVersion: 6
  m_Component:
  - component: {fileID: 2664053001855162268}
  m_Layer: 0
  m_Name: spine3
  m_TagString: Untagged
  m_Icon: {fileID: 0}
  m_NavMeshLayer: 0
  m_StaticEditorFlags: 0
  m_IsActive: 1
--- !u!4 &2664053001855162268
Transform:
  m_ObjectHideFlags: 0
  m_CorrespondingSourceObject: {fileID: 0}
  m_PrefabInstance: {fileID: 0}
  m_PrefabAsset: {fileID: 0}
  m_GameObject: {fileID: 2481346398375350261}
  m_LocalRotation: {x: -0.1211506, y: -2.8665295e-12, z: 0.00000002888093, w: 0.9926342}
  m_LocalPosition: {x: -9.880985e-17, y: 0.011526583, z: -2.933664e-10}
  m_LocalScale: {x: 1, y: 0.99999994, z: 0.99999994}
  m_Children:
  - {fileID: 1394512354187573402}
  m_Father: {fileID: 7708217716058017057}
  m_RootOrder: 0
  m_LocalEulerAnglesHint: {x: 0, y: 0, z: 0}
--- !u!1 &2483390719527264094
GameObject:
  m_ObjectHideFlags: 0
  m_CorrespondingSourceObject: {fileID: 0}
  m_PrefabInstance: {fileID: 0}
  m_PrefabAsset: {fileID: 0}
  serializedVersion: 6
  m_Component:
  - component: {fileID: 8664452660491327900}
  m_Layer: 0
  m_Name: lid1.L
  m_TagString: Untagged
  m_Icon: {fileID: 0}
  m_NavMeshLayer: 0
  m_StaticEditorFlags: 0
  m_IsActive: 1
--- !u!4 &8664452660491327900
Transform:
  m_ObjectHideFlags: 0
  m_CorrespondingSourceObject: {fileID: 0}
  m_PrefabInstance: {fileID: 0}
  m_PrefabAsset: {fileID: 0}
  m_GameObject: {fileID: 2483390719527264094}
  m_LocalRotation: {x: 0.31063002, y: -0.00000029838736, z: -0.00000024563195, w: 0.95053095}
  m_LocalPosition: {x: 3.890141e-10, y: 0.0012004442, z: -0.0004973589}
  m_LocalScale: {x: 0.9999999, y: 0.99999994, z: 1}
  m_Children: []
  m_Father: {fileID: 8663551413833467711}
  m_RootOrder: 4
  m_LocalEulerAnglesHint: {x: 0, y: 0, z: 0}
--- !u!1 &2531816569382329948
GameObject:
  m_ObjectHideFlags: 0
  m_CorrespondingSourceObject: {fileID: 0}
  m_PrefabInstance: {fileID: 0}
  m_PrefabAsset: {fileID: 0}
  serializedVersion: 6
  m_Component:
  - component: {fileID: 1394512354187573402}
  m_Layer: 0
  m_Name: spine4
  m_TagString: Untagged
  m_Icon: {fileID: 0}
  m_NavMeshLayer: 0
  m_StaticEditorFlags: 0
  m_IsActive: 1
--- !u!4 &1394512354187573402
Transform:
  m_ObjectHideFlags: 0
  m_CorrespondingSourceObject: {fileID: 0}
  m_PrefabInstance: {fileID: 0}
  m_PrefabAsset: {fileID: 0}
  m_GameObject: {fileID: 2531816569382329948}
  m_LocalRotation: {x: 0.08743109, y: 4.500327e-14, z: -0.000000020845194, w: 0.9961706}
  m_LocalPosition: {x: -2.1316282e-16, y: 0.013469322, z: -8.9406943e-10}
  m_LocalScale: {x: 1, y: 1, z: 1}
  m_Children:
  - {fileID: 6052809634742802205}
  - {fileID: 7833413925887789518}
  - {fileID: 1698824779998191085}
  m_Father: {fileID: 2664053001855162268}
  m_RootOrder: 0
  m_LocalEulerAnglesHint: {x: 0, y: 0, z: 0}
--- !u!1 &2548774226295162918
GameObject:
  m_ObjectHideFlags: 0
  m_CorrespondingSourceObject: {fileID: 0}
  m_PrefabInstance: {fileID: 0}
  m_PrefabAsset: {fileID: 0}
  serializedVersion: 6
  m_Component:
  - component: {fileID: 2982853498218744666}
  m_Layer: 0
  m_Name: thumb1.R
  m_TagString: Untagged
  m_Icon: {fileID: 0}
  m_NavMeshLayer: 0
  m_StaticEditorFlags: 0
  m_IsActive: 1
--- !u!4 &2982853498218744666
Transform:
  m_ObjectHideFlags: 0
  m_CorrespondingSourceObject: {fileID: 0}
  m_PrefabInstance: {fileID: 0}
  m_PrefabAsset: {fileID: 0}
  m_GameObject: {fileID: 2548774226295162918}
  m_LocalRotation: {x: 0.3355744, y: -0.031752046, z: -0.18655594, w: 0.92281014}
  m_LocalPosition: {x: 0.0022163864, y: 0.003756709, z: 0.003190173}
  m_LocalScale: {x: 1, y: 1, z: 1}
  m_Children:
  - {fileID: 335598351215408900}
  m_Father: {fileID: 3368702856059497969}
  m_RootOrder: 4
  m_LocalEulerAnglesHint: {x: 0, y: 0, z: 0}
--- !u!1 &2574158554913159791
GameObject:
  m_ObjectHideFlags: 0
  m_CorrespondingSourceObject: {fileID: 0}
  m_PrefabInstance: {fileID: 0}
  m_PrefabAsset: {fileID: 0}
  serializedVersion: 6
  m_Component:
  - component: {fileID: 4064147226964358044}
  m_Layer: 0
  m_Name: pointer1.L
  m_TagString: Untagged
  m_Icon: {fileID: 0}
  m_NavMeshLayer: 0
  m_StaticEditorFlags: 0
  m_IsActive: 1
--- !u!4 &4064147226964358044
Transform:
  m_ObjectHideFlags: 0
  m_CorrespondingSourceObject: {fileID: 0}
  m_PrefabInstance: {fileID: 0}
  m_PrefabAsset: {fileID: 0}
  m_GameObject: {fileID: 2574158554913159791}
  m_LocalRotation: {x: -0.052890345, y: 0.0036710748, z: 0.060704183, w: 0.9967468}
  m_LocalPosition: {x: -0.0010329336, y: 0.009195021, z: 0.0019179947}
  m_LocalScale: {x: 1, y: 1, z: 1}
  m_Children:
  - {fileID: 2202898213023845971}
  m_Father: {fileID: 444117929621704350}
  m_RootOrder: 2
  m_LocalEulerAnglesHint: {x: 0, y: 0, z: 0}
--- !u!1 &2656818603141255215
GameObject:
  m_ObjectHideFlags: 0
  m_CorrespondingSourceObject: {fileID: 0}
  m_PrefabInstance: {fileID: 0}
  m_PrefabAsset: {fileID: 0}
  serializedVersion: 6
  m_Component:
  - component: {fileID: 5681430328216981389}
  m_Layer: 0
  m_Name: toe.L
  m_TagString: Untagged
  m_Icon: {fileID: 0}
  m_NavMeshLayer: 0
  m_StaticEditorFlags: 0
  m_IsActive: 1
--- !u!4 &5681430328216981389
Transform:
  m_ObjectHideFlags: 0
  m_CorrespondingSourceObject: {fileID: 0}
  m_PrefabInstance: {fileID: 0}
  m_PrefabAsset: {fileID: 0}
  m_GameObject: {fileID: 2656818603141255215}
  m_LocalRotation: {x: 0.05550845, y: 0.044426445, z: 0.0030278545, w: 0.9974648}
  m_LocalPosition: {x: -1.4551915e-10, y: 0.009753948, z: 0.0000000023189932}
  m_LocalScale: {x: 0.9999997, y: 0.99999994, z: 0.9999999}
  m_Children: []
  m_Father: {fileID: 465731526913358997}
  m_RootOrder: 0
  m_LocalEulerAnglesHint: {x: 0, y: 0, z: 0}
--- !u!1 &2792974730049844699
GameObject:
  m_ObjectHideFlags: 0
  m_CorrespondingSourceObject: {fileID: 0}
  m_PrefabInstance: {fileID: 0}
  m_PrefabAsset: {fileID: 0}
  serializedVersion: 6
  m_Component:
  - component: {fileID: 8663551413833467711}
  m_Layer: 0
  m_Name: eyesocket.L
  m_TagString: Untagged
  m_Icon: {fileID: 0}
  m_NavMeshLayer: 0
  m_StaticEditorFlags: 0
  m_IsActive: 1
--- !u!4 &8663551413833467711
Transform:
  m_ObjectHideFlags: 0
  m_CorrespondingSourceObject: {fileID: 0}
  m_PrefabInstance: {fileID: 0}
  m_PrefabAsset: {fileID: 0}
  m_GameObject: {fileID: 2792974730049844699}
  m_LocalRotation: {x: -6.0523985e-17, y: 1, z: -3.63804e-12, w: 0.00000019470718}
  m_LocalPosition: {x: -0.0037228095, y: 0.0057579377, z: -0.0063735917}
  m_LocalScale: {x: 1, y: 1, z: 1}
  m_Children:
  - {fileID: 5314552762432723903}
  - {fileID: 8099063691209536648}
  - {fileID: 4265713027560240321}
  - {fileID: 6388584214045264765}
  - {fileID: 8664452660491327900}
  - {fileID: 2937892931267572929}
  m_Father: {fileID: 6360825143835861561}
  m_RootOrder: 4
  m_LocalEulerAnglesHint: {x: 0, y: 0, z: 0}
--- !u!1 &2904896375088381778
GameObject:
  m_ObjectHideFlags: 0
  m_CorrespondingSourceObject: {fileID: 0}
  m_PrefabInstance: {fileID: 0}
  m_PrefabAsset: {fileID: 0}
  serializedVersion: 6
  m_Component:
  - component: {fileID: 6678219975041310147}
  m_Layer: 0
  m_Name: mouth3.L
  m_TagString: Untagged
  m_Icon: {fileID: 0}
  m_NavMeshLayer: 0
  m_StaticEditorFlags: 0
  m_IsActive: 1
--- !u!4 &6678219975041310147
Transform:
  m_ObjectHideFlags: 0
  m_CorrespondingSourceObject: {fileID: 0}
  m_PrefabInstance: {fileID: 0}
  m_PrefabAsset: {fileID: 0}
  m_GameObject: {fileID: 2904896375088381778}
  m_LocalRotation: {x: -0.00000018503904, y: 0.97498554, z: -0.22226842, w: -0.00000015751911}
  m_LocalPosition: {x: -0.00095710275, y: 0.00851572, z: -0.0023708823}
  m_LocalScale: {x: 1, y: 0.9999998, z: 0.9999998}
  m_Children: []
  m_Father: {fileID: 781212153182154108}
  m_RootOrder: 1
  m_LocalEulerAnglesHint: {x: 0, y: 0, z: 0}
--- !u!1 &2971488587948397675
GameObject:
  m_ObjectHideFlags: 0
  m_CorrespondingSourceObject: {fileID: 0}
  m_PrefabInstance: {fileID: 0}
  m_PrefabAsset: {fileID: 0}
  serializedVersion: 6
  m_Component:
  - component: {fileID: 2944762049478792675}
  m_Layer: 0
  m_Name: pinky3.R
  m_TagString: Untagged
  m_Icon: {fileID: 0}
  m_NavMeshLayer: 0
  m_StaticEditorFlags: 0
  m_IsActive: 1
--- !u!4 &2944762049478792675
Transform:
  m_ObjectHideFlags: 0
  m_CorrespondingSourceObject: {fileID: 0}
  m_PrefabInstance: {fileID: 0}
  m_PrefabAsset: {fileID: 0}
  m_GameObject: {fileID: 2971488587948397675}
  m_LocalRotation: {x: 0.019648641, y: 0.00083232595, z: 0.044036098, w: 0.99883634}
  m_LocalPosition: {x: 7.532071e-10, y: 0.0019011886, z: -1.862645e-10}
  m_LocalScale: {x: 0.9999997, y: 0.99999994, z: 0.9999997}
  m_Children: []
  m_Father: {fileID: 4637961255828720426}
  m_RootOrder: 0
  m_LocalEulerAnglesHint: {x: 0, y: 0, z: 0}
--- !u!1 &3103960421289421930
GameObject:
  m_ObjectHideFlags: 0
  m_CorrespondingSourceObject: {fileID: 0}
  m_PrefabInstance: {fileID: 0}
  m_PrefabAsset: {fileID: 0}
  serializedVersion: 6
  m_Component:
  - component: {fileID: 3228991642958987122}
  m_Layer: 0
  m_Name: footIK.L
  m_TagString: Untagged
  m_Icon: {fileID: 0}
  m_NavMeshLayer: 0
  m_StaticEditorFlags: 0
  m_IsActive: 1
--- !u!4 &3228991642958987122
Transform:
  m_ObjectHideFlags: 0
  m_CorrespondingSourceObject: {fileID: 0}
  m_PrefabInstance: {fileID: 0}
  m_PrefabAsset: {fileID: 0}
  m_GameObject: {fileID: 3103960421289421930}
  m_LocalRotation: {x: -0.00024485652, y: 0.998783, z: 0.049067277, w: -0.0049879136}
  m_LocalPosition: {x: -0.005937113, y: 0.003082624, z: -0.0040082345}
  m_LocalScale: {x: 1, y: 1.0000002, z: 0.99999994}
  m_Children: []
  m_Father: {fileID: 1135593240478124997}
  m_RootOrder: 1
  m_LocalEulerAnglesHint: {x: 0, y: 0, z: 0}
--- !u!1 &3137662911921884498
GameObject:
  m_ObjectHideFlags: 0
  m_CorrespondingSourceObject: {fileID: 0}
  m_PrefabInstance: {fileID: 0}
  m_PrefabAsset: {fileID: 0}
  serializedVersion: 6
  m_Component:
  - component: {fileID: 7784558785469633201}
  m_Layer: 0
  m_Name: pinky1.R
  m_TagString: Untagged
  m_Icon: {fileID: 0}
  m_NavMeshLayer: 0
  m_StaticEditorFlags: 0
  m_IsActive: 1
--- !u!4 &7784558785469633201
Transform:
  m_ObjectHideFlags: 0
  m_CorrespondingSourceObject: {fileID: 0}
  m_PrefabInstance: {fileID: 0}
  m_PrefabAsset: {fileID: 0}
  m_GameObject: {fileID: 3137662911921884498}
  m_LocalRotation: {x: -0.059950396, y: -0.008112907, z: -0.120335065, w: 0.9908883}
  m_LocalPosition: {x: 0.0010632124, y: 0.008659201, z: -0.0041688858}
  m_LocalScale: {x: 1, y: 0.99999994, z: 1}
  m_Children:
  - {fileID: 4637961255828720426}
  m_Father: {fileID: 3368702856059497969}
  m_RootOrder: 1
  m_LocalEulerAnglesHint: {x: 0, y: 0, z: 0}
--- !u!1 &3157776735430920495
GameObject:
  m_ObjectHideFlags: 0
  m_CorrespondingSourceObject: {fileID: 0}
  m_PrefabInstance: {fileID: 0}
  m_PrefabAsset: {fileID: 0}
  serializedVersion: 6
  m_Component:
  - component: {fileID: 8759945256908946105}
  m_Layer: 0
  m_Name: hip.L
  m_TagString: Untagged
  m_Icon: {fileID: 0}
  m_NavMeshLayer: 0
  m_StaticEditorFlags: 0
  m_IsActive: 1
--- !u!4 &8759945256908946105
Transform:
  m_ObjectHideFlags: 0
  m_CorrespondingSourceObject: {fileID: 0}
  m_PrefabInstance: {fileID: 0}
  m_PrefabAsset: {fileID: 0}
  m_GameObject: {fileID: 3157776735430920495}
  m_LocalRotation: {x: 0.00903476, y: 0.11939399, z: 0.99280256, w: -0.0025771663}
  m_LocalPosition: {x: -0.006552948, y: -0.005393687, z: 0.0012667617}
  m_LocalScale: {x: 1.0000002, y: 1.0000006, z: 1.000006}
  m_Children:
  - {fileID: 3986259233155461935}
  m_Father: {fileID: 7591195826609770051}
  m_RootOrder: 0
  m_LocalEulerAnglesHint: {x: 0, y: 0, z: 0}
--- !u!1 &3231898199238254657
GameObject:
  m_ObjectHideFlags: 0
  m_CorrespondingSourceObject: {fileID: 0}
  m_PrefabInstance: {fileID: 0}
  m_PrefabAsset: {fileID: 0}
  serializedVersion: 6
  m_Component:
  - component: {fileID: 3934623674483891301}
  m_Layer: 0
  m_Name: Base_Armature
  m_TagString: Untagged
  m_Icon: {fileID: 0}
  m_NavMeshLayer: 0
  m_StaticEditorFlags: 0
  m_IsActive: 1
--- !u!4 &3934623674483891301
Transform:
  m_ObjectHideFlags: 0
  m_CorrespondingSourceObject: {fileID: 0}
  m_PrefabInstance: {fileID: 0}
  m_PrefabAsset: {fileID: 0}
  m_GameObject: {fileID: 3231898199238254657}
  m_LocalRotation: {x: -0.7071068, y: 0, z: -0, w: 0.7071067}
  m_LocalPosition: {x: -0, y: 0.72639936, z: -0.047294855}
  m_LocalScale: {x: 9.986037, y: 9.986037, z: 9.986037}
  m_Children:
  - {fileID: 1135593240478124997}
  - {fileID: 4546630383049052538}
  - {fileID: 4213428519543396765}
  m_Father: {fileID: 4082053061919013639}
  m_RootOrder: 0
  m_LocalEulerAnglesHint: {x: 0, y: 0, z: 0}
--- !u!1 &3300299188707290358
GameObject:
  m_ObjectHideFlags: 0
  m_CorrespondingSourceObject: {fileID: 0}
  m_PrefabInstance: {fileID: 0}
  m_PrefabAsset: {fileID: 0}
  serializedVersion: 6
  m_Component:
  - component: {fileID: 2618595969748217803}
  m_Layer: 0
  m_Name: ring3.R
  m_TagString: Untagged
  m_Icon: {fileID: 0}
  m_NavMeshLayer: 0
  m_StaticEditorFlags: 0
  m_IsActive: 1
--- !u!4 &2618595969748217803
Transform:
  m_ObjectHideFlags: 0
  m_CorrespondingSourceObject: {fileID: 0}
  m_PrefabInstance: {fileID: 0}
  m_PrefabAsset: {fileID: 0}
  m_GameObject: {fileID: 3300299188707290358}
  m_LocalRotation: {x: -0.011989078, y: -0.000073334835, z: -0.0025290723, w: 0.99992496}
  m_LocalPosition: {x: 0.0000000016391277, y: 0.002428775, z: -7.799826e-11}
  m_LocalScale: {x: 1, y: 1, z: 1}
  m_Children: []
  m_Father: {fileID: 8915500922176775741}
  m_RootOrder: 0
  m_LocalEulerAnglesHint: {x: 0, y: 0, z: 0}
--- !u!1 &3303103241061701015
GameObject:
  m_ObjectHideFlags: 0
  m_CorrespondingSourceObject: {fileID: 0}
  m_PrefabInstance: {fileID: 0}
  m_PrefabAsset: {fileID: 0}
  serializedVersion: 6
  m_Component:
  - component: {fileID: 7833413925887789518}
  m_Layer: 0
  m_Name: shoulder.L
  m_TagString: Untagged
  m_Icon: {fileID: 0}
  m_NavMeshLayer: 0
  m_StaticEditorFlags: 0
  m_IsActive: 1
--- !u!4 &7833413925887789518
Transform:
  m_ObjectHideFlags: 0
  m_CorrespondingSourceObject: {fileID: 0}
  m_PrefabInstance: {fileID: 0}
  m_PrefabAsset: {fileID: 0}
  m_GameObject: {fileID: 3303103241061701015}
  m_LocalRotation: {x: 0.01278516, y: -0.047728516, z: 0.71283376, w: 0.69959027}
  m_LocalPosition: {x: -0.0035908855, y: 0.0032074514, z: -0.001332562}
  m_LocalScale: {x: 1, y: 1, z: 1}
  m_Children:
  - {fileID: 2393625943595510677}
  m_Father: {fileID: 1394512354187573402}
  m_RootOrder: 1
  m_LocalEulerAnglesHint: {x: 0, y: 0, z: 0}
--- !u!1 &3422674473672911039
GameObject:
  m_ObjectHideFlags: 0
  m_CorrespondingSourceObject: {fileID: 0}
  m_PrefabInstance: {fileID: 0}
  m_PrefabAsset: {fileID: 0}
  serializedVersion: 6
  m_Component:
  - component: {fileID: 8475163469904513265}
  m_Layer: 0
  m_Name: cheek2.R
  m_TagString: Untagged
  m_Icon: {fileID: 0}
  m_NavMeshLayer: 0
  m_StaticEditorFlags: 0
  m_IsActive: 1
--- !u!4 &8475163469904513265
Transform:
  m_ObjectHideFlags: 0
  m_CorrespondingSourceObject: {fileID: 0}
  m_PrefabInstance: {fileID: 0}
  m_PrefabAsset: {fileID: 0}
  m_GameObject: {fileID: 3422674473672911039}
  m_LocalRotation: {x: 6.00903e-17, y: 1, z: -3.63804e-12, w: -0.00000031391647}
  m_LocalPosition: {x: 0.0050435057, y: 0.008830926, z: -0.0029888016}
  m_LocalScale: {x: 1, y: 1, z: 1}
  m_Children: []
  m_Father: {fileID: 6360825143835861561}
  m_RootOrder: 3
  m_LocalEulerAnglesHint: {x: 0, y: 0, z: 0}
--- !u!1 &3558913677551297949
GameObject:
  m_ObjectHideFlags: 0
  m_CorrespondingSourceObject: {fileID: 0}
  m_PrefabInstance: {fileID: 0}
  m_PrefabAsset: {fileID: 0}
  serializedVersion: 6
  m_Component:
  - component: {fileID: 335598351215408900}
  m_Layer: 0
  m_Name: thumb2.R
  m_TagString: Untagged
  m_Icon: {fileID: 0}
  m_NavMeshLayer: 0
  m_StaticEditorFlags: 0
  m_IsActive: 1
--- !u!4 &335598351215408900
Transform:
  m_ObjectHideFlags: 0
  m_CorrespondingSourceObject: {fileID: 0}
  m_PrefabInstance: {fileID: 0}
  m_PrefabAsset: {fileID: 0}
  m_GameObject: {fileID: 3558913677551297949}
  m_LocalRotation: {x: -0.021010034, y: -0.042538106, z: 0.027302027, w: 0.9985007}
  m_LocalPosition: {x: -0.000000003427267, y: 0.0021470138, z: -0.0000000020861626}
  m_LocalScale: {x: 0.9999999, y: 1, z: 0.9999998}
  m_Children:
  - {fileID: 3100343660369200967}
  m_Father: {fileID: 2982853498218744666}
  m_RootOrder: 0
  m_LocalEulerAnglesHint: {x: 0, y: 0, z: 0}
--- !u!1 &3617990170065020319
GameObject:
  m_ObjectHideFlags: 0
  m_CorrespondingSourceObject: {fileID: 0}
  m_PrefabInstance: {fileID: 0}
  m_PrefabAsset: {fileID: 0}
  serializedVersion: 6
  m_Component:
  - component: {fileID: 1173867764303453210}
  m_Layer: 0
  m_Name: forearm.R
  m_TagString: Untagged
  m_Icon: {fileID: 0}
  m_NavMeshLayer: 0
  m_StaticEditorFlags: 0
  m_IsActive: 1
--- !u!4 &1173867764303453210
Transform:
  m_ObjectHideFlags: 0
  m_CorrespondingSourceObject: {fileID: 0}
  m_PrefabInstance: {fileID: 0}
  m_PrefabAsset: {fileID: 0}
  m_GameObject: {fileID: 3617990170065020319}
  m_LocalRotation: {x: 0.030594634, y: -0.002788442, z: 0.0025053627, w: 0.99952483}
  m_LocalPosition: {x: -0.0000000044470654, y: 0.025090035, z: 7.4505804e-11}
  m_LocalScale: {x: 1.0000002, y: 1.0000005, z: 1.0000001}
  m_Children:
  - {fileID: 3368702856059497969}
  m_Father: {fileID: 7342249509140685903}
  m_RootOrder: 0
  m_LocalEulerAnglesHint: {x: 0, y: 0, z: 0}
--- !u!1 &3741801953719099837
GameObject:
  m_ObjectHideFlags: 0
  m_CorrespondingSourceObject: {fileID: 0}
  m_PrefabInstance: {fileID: 0}
  m_PrefabAsset: {fileID: 0}
  serializedVersion: 6
  m_Component:
  - component: {fileID: 4082053061919013639}
  - component: {fileID: 4655785698663868495}
  m_Layer: 0
  m_Name: Skirt1
  m_TagString: Untagged
  m_Icon: {fileID: 0}
  m_NavMeshLayer: 0
  m_StaticEditorFlags: 0
  m_IsActive: 1
--- !u!4 &4082053061919013639
Transform:
  m_ObjectHideFlags: 0
  m_CorrespondingSourceObject: {fileID: 0}
  m_PrefabInstance: {fileID: 0}
  m_PrefabAsset: {fileID: 0}
  m_GameObject: {fileID: 3741801953719099837}
  m_LocalRotation: {x: 0, y: 0, z: 0, w: 1}
  m_LocalPosition: {x: 0, y: 0, z: 0}
  m_LocalScale: {x: 1, y: 1, z: 1}
  m_Children:
  - {fileID: 3934623674483891301}
  - {fileID: 6394729692537936902}
  m_Father: {fileID: 0}
  m_RootOrder: 0
  m_LocalEulerAnglesHint: {x: 0, y: 0, z: 0}
--- !u!114 &4655785698663868495
MonoBehaviour:
  m_ObjectHideFlags: 0
  m_CorrespondingSourceObject: {fileID: 0}
  m_PrefabInstance: {fileID: 0}
  m_PrefabAsset: {fileID: 0}
  m_GameObject: {fileID: 3741801953719099837}
  m_Enabled: 1
  m_EditorHideFlags: 0
  m_Script: {fileID: 11500000, guid: ad101b9dfe145c842a487fdf34d72453, type: 3}
  m_Name: 
  m_EditorClassIdentifier: 
  skin: {fileID: 2177096855571975363}
  data: {fileID: 0}
--- !u!1 &3796267492038506578
GameObject:
  m_ObjectHideFlags: 0
  m_CorrespondingSourceObject: {fileID: 0}
  m_PrefabInstance: {fileID: 0}
  m_PrefabAsset: {fileID: 0}
  serializedVersion: 6
  m_Component:
  - component: {fileID: 1132222650509159158}
  m_Layer: 0
  m_Name: middle1.L
  m_TagString: Untagged
  m_Icon: {fileID: 0}
  m_NavMeshLayer: 0
  m_StaticEditorFlags: 0
  m_IsActive: 1
--- !u!4 &1132222650509159158
Transform:
  m_ObjectHideFlags: 0
  m_CorrespondingSourceObject: {fileID: 0}
  m_PrefabInstance: {fileID: 0}
  m_PrefabAsset: {fileID: 0}
  m_GameObject: {fileID: 3796267492038506578}
  m_LocalRotation: {x: -0.04988452, y: 0.007558128, z: 0.08986753, w: 0.9946749}
  m_LocalPosition: {x: -0.00090157887, y: 0.009421864, z: -0.0001537856}
  m_LocalScale: {x: 1.0000001, y: 1, z: 1.0000001}
  m_Children:
  - {fileID: 2065070716737896185}
  m_Father: {fileID: 444117929621704350}
  m_RootOrder: 0
  m_LocalEulerAnglesHint: {x: 0, y: 0, z: 0}
--- !u!1 &3937565901091662257
GameObject:
  m_ObjectHideFlags: 0
  m_CorrespondingSourceObject: {fileID: 0}
  m_PrefabInstance: {fileID: 0}
  m_PrefabAsset: {fileID: 0}
  serializedVersion: 6
  m_Component:
  - component: {fileID: 4213428519543396765}
  m_Layer: 0
  m_Name: elbowIK.R
  m_TagString: Untagged
  m_Icon: {fileID: 0}
  m_NavMeshLayer: 0
  m_StaticEditorFlags: 0
  m_IsActive: 1
--- !u!4 &4213428519543396765
Transform:
  m_ObjectHideFlags: 0
  m_CorrespondingSourceObject: {fileID: 0}
  m_PrefabInstance: {fileID: 0}
  m_PrefabAsset: {fileID: 0}
  m_GameObject: {fileID: 3937565901091662257}
  m_LocalRotation: {x: -7.9228795e-17, y: 0.93235165, z: 7.9228795e-17, w: 0.36155272}
  m_LocalPosition: {x: 0.026876599, y: 0.015169222, z: 0.04589073}
  m_LocalScale: {x: 0.99999994, y: 0.9999997, z: 0.99999994}
  m_Children: []
  m_Father: {fileID: 3934623674483891301}
  m_RootOrder: 2
  m_LocalEulerAnglesHint: {x: 0, y: 0, z: 0}
--- !u!1 &4266217723205537172
GameObject:
  m_ObjectHideFlags: 0
  m_CorrespondingSourceObject: {fileID: 0}
  m_PrefabInstance: {fileID: 0}
  m_PrefabAsset: {fileID: 0}
  serializedVersion: 6
  m_Component:
  - component: {fileID: 7342249509140685903}
  m_Layer: 0
  m_Name: bicep.R
  m_TagString: Untagged
  m_Icon: {fileID: 0}
  m_NavMeshLayer: 0
  m_StaticEditorFlags: 0
  m_IsActive: 1
--- !u!4 &7342249509140685903
Transform:
  m_ObjectHideFlags: 0
  m_CorrespondingSourceObject: {fileID: 0}
  m_PrefabInstance: {fileID: 0}
  m_PrefabAsset: {fileID: 0}
  m_GameObject: {fileID: 4266217723205537172}
  m_LocalRotation: {x: 0.021749541, y: -0.023665294, z: -0.41177607, w: 0.9107181}
  m_LocalPosition: {x: -0.00000000424101, y: 0.00806818, z: 1.862645e-10}
  m_LocalScale: {x: 0.9999996, y: 1.0000001, z: 0.99999964}
  m_Children:
  - {fileID: 1173867764303453210}
  m_Father: {fileID: 1698824779998191085}
  m_RootOrder: 0
  m_LocalEulerAnglesHint: {x: 0, y: 0, z: 0}
--- !u!1 &4489365450026414245
GameObject:
  m_ObjectHideFlags: 0
  m_CorrespondingSourceObject: {fileID: 0}
  m_PrefabInstance: {fileID: 0}
  m_PrefabAsset: {fileID: 0}
  serializedVersion: 6
  m_Component:
  - component: {fileID: 8317742926874933096}
  m_Layer: 0
  m_Name: pinky2.L
  m_TagString: Untagged
  m_Icon: {fileID: 0}
  m_NavMeshLayer: 0
  m_StaticEditorFlags: 0
  m_IsActive: 1
--- !u!4 &8317742926874933096
Transform:
  m_ObjectHideFlags: 0
  m_CorrespondingSourceObject: {fileID: 0}
  m_PrefabInstance: {fileID: 0}
  m_PrefabAsset: {fileID: 0}
  m_GameObject: {fileID: 4489365450026414245}
  m_LocalRotation: {x: -0.0009089461, y: -0.000061053106, z: -0.010857321, w: 0.99994063}
  m_LocalPosition: {x: -0.000000006259943, y: 0.002416592, z: -3.7252902e-11}
  m_LocalScale: {x: 0.9999999, y: 0.99999994, z: 0.9999999}
  m_Children:
  - {fileID: 2182582609664528029}
  m_Father: {fileID: 3035826825063459673}
  m_RootOrder: 0
  m_LocalEulerAnglesHint: {x: 0, y: 0, z: 0}
--- !u!1 &4509324170642099626
GameObject:
  m_ObjectHideFlags: 0
  m_CorrespondingSourceObject: {fileID: 0}
  m_PrefabInstance: {fileID: 0}
  m_PrefabAsset: {fileID: 0}
  serializedVersion: 6
  m_Component:
  - component: {fileID: 2444969312199456667}
  m_Layer: 0
  m_Name: nose2.R
  m_TagString: Untagged
  m_Icon: {fileID: 0}
  m_NavMeshLayer: 0
  m_StaticEditorFlags: 0
  m_IsActive: 1
--- !u!4 &2444969312199456667
Transform:
  m_ObjectHideFlags: 0
  m_CorrespondingSourceObject: {fileID: 0}
  m_PrefabInstance: {fileID: 0}
  m_PrefabAsset: {fileID: 0}
  m_GameObject: {fileID: 4509324170642099626}
  m_LocalRotation: {x: 6.00903e-17, y: 1, z: -3.63804e-12, w: -0.00000031391647}
  m_LocalPosition: {x: 0.0016420437, y: 0.009784369, z: -0.0035508825}
  m_LocalScale: {x: 1, y: 1, z: 1}
  m_Children: []
  m_Father: {fileID: 6360825143835861561}
  m_RootOrder: 9
  m_LocalEulerAnglesHint: {x: 0, y: 0, z: 0}
--- !u!1 &4547090955645441725
GameObject:
  m_ObjectHideFlags: 0
  m_CorrespondingSourceObject: {fileID: 0}
  m_PrefabInstance: {fileID: 0}
  m_PrefabAsset: {fileID: 0}
  serializedVersion: 6
  m_Component:
  - component: {fileID: 7197542004326007224}
  m_Layer: 0
  m_Name: mouth1.L
  m_TagString: Untagged
  m_Icon: {fileID: 0}
  m_NavMeshLayer: 0
  m_StaticEditorFlags: 0
  m_IsActive: 1
--- !u!4 &7197542004326007224
Transform:
  m_ObjectHideFlags: 0
  m_CorrespondingSourceObject: {fileID: 0}
  m_PrefabInstance: {fileID: 0}
  m_PrefabAsset: {fileID: 0}
  m_GameObject: {fileID: 4547090955645441725}
  m_LocalRotation: {x: 1.8189894e-12, y: -2.5579538e-13, z: 1.409463e-18, w: 1}
  m_LocalPosition: {x: 0.0022271343, y: 0.001879843, z: -0.000059871312}
  m_LocalScale: {x: 1, y: 0.9999999, z: 1}
  m_Children: []
  m_Father: {fileID: 6180967673215124940}
  m_RootOrder: 1
  m_LocalEulerAnglesHint: {x: 0, y: 0, z: 0}
--- !u!1 &4688495217384566044
GameObject:
  m_ObjectHideFlags: 0
  m_CorrespondingSourceObject: {fileID: 0}
  m_PrefabInstance: {fileID: 0}
  m_PrefabAsset: {fileID: 0}
  serializedVersion: 6
  m_Component:
  - component: {fileID: 858521349826346257}
  m_Layer: 0
  m_Name: thumb1.L
  m_TagString: Untagged
  m_Icon: {fileID: 0}
  m_NavMeshLayer: 0
  m_StaticEditorFlags: 0
  m_IsActive: 1
--- !u!4 &858521349826346257
Transform:
  m_ObjectHideFlags: 0
  m_CorrespondingSourceObject: {fileID: 0}
  m_PrefabInstance: {fileID: 0}
  m_PrefabAsset: {fileID: 0}
  m_GameObject: {fileID: 4688495217384566044}
  m_LocalRotation: {x: 0.3355744, y: 0.031752057, z: 0.18655598, w: 0.92281014}
  m_LocalPosition: {x: -0.0022163806, y: 0.0037567073, z: 0.0031901735}
  m_LocalScale: {x: 1, y: 1, z: 1.0000001}
  m_Children:
  - {fileID: 4036197136177289014}
  m_Father: {fileID: 444117929621704350}
  m_RootOrder: 4
  m_LocalEulerAnglesHint: {x: 0, y: 0, z: 0}
--- !u!1 &4724962231529951006
GameObject:
  m_ObjectHideFlags: 0
  m_CorrespondingSourceObject: {fileID: 0}
  m_PrefabInstance: {fileID: 0}
  m_PrefabAsset: {fileID: 0}
  serializedVersion: 6
  m_Component:
  - component: {fileID: 2202898213023845971}
  m_Layer: 0
  m_Name: pointer2.L
  m_TagString: Untagged
  m_Icon: {fileID: 0}
  m_NavMeshLayer: 0
  m_StaticEditorFlags: 0
  m_IsActive: 1
--- !u!4 &2202898213023845971
Transform:
  m_ObjectHideFlags: 0
  m_CorrespondingSourceObject: {fileID: 0}
  m_PrefabInstance: {fileID: 0}
  m_PrefabAsset: {fileID: 0}
  m_GameObject: {fileID: 4724962231529951006}
  m_LocalRotation: {x: -0.023529138, y: 0.0015277938, z: 0.025432304, w: 0.99939847}
  m_LocalPosition: {x: 6.519258e-10, y: 0.0029769023, z: 3.282912e-10}
  m_LocalScale: {x: 1, y: 0.9999998, z: 0.9999999}
  m_Children:
  - {fileID: 982216509570322876}
  m_Father: {fileID: 4064147226964358044}
  m_RootOrder: 0
  m_LocalEulerAnglesHint: {x: 0, y: 0, z: 0}
--- !u!1 &4728036052252355164
GameObject:
  m_ObjectHideFlags: 0
  m_CorrespondingSourceObject: {fileID: 0}
  m_PrefabInstance: {fileID: 0}
  m_PrefabAsset: {fileID: 0}
  serializedVersion: 6
  m_Component:
  - component: {fileID: 3014446422811344058}
  m_Layer: 0
  m_Name: headTarget.001
  m_TagString: Untagged
  m_Icon: {fileID: 0}
  m_NavMeshLayer: 0
  m_StaticEditorFlags: 0
  m_IsActive: 1
--- !u!4 &3014446422811344058
Transform:
  m_ObjectHideFlags: 0
  m_CorrespondingSourceObject: {fileID: 0}
  m_PrefabInstance: {fileID: 0}
  m_PrefabAsset: {fileID: 0}
  m_GameObject: {fileID: 4728036052252355164}
  m_LocalRotation: {x: 0, y: 0.000002026558, z: -0, w: 1}
  m_LocalPosition: {x: -0.00000063035054, y: 0.060071144, z: -0.1497106}
  m_LocalScale: {x: 1, y: 1, z: 1}
  m_Children: []
  m_Father: {fileID: 1135593240478124997}
  m_RootOrder: 3
  m_LocalEulerAnglesHint: {x: 0, y: 0, z: 0}
--- !u!1 &5374149164263241235
GameObject:
  m_ObjectHideFlags: 0
  m_CorrespondingSourceObject: {fileID: 0}
  m_PrefabInstance: {fileID: 0}
  m_PrefabAsset: {fileID: 0}
  serializedVersion: 6
  m_Component:
  - component: {fileID: 2406736866556770657}
  m_Layer: 0
  m_Name: pointer2.R
  m_TagString: Untagged
  m_Icon: {fileID: 0}
  m_NavMeshLayer: 0
  m_StaticEditorFlags: 0
  m_IsActive: 1
--- !u!4 &2406736866556770657
Transform:
  m_ObjectHideFlags: 0
  m_CorrespondingSourceObject: {fileID: 0}
  m_PrefabInstance: {fileID: 0}
  m_PrefabAsset: {fileID: 0}
  m_GameObject: {fileID: 5374149164263241235}
  m_LocalRotation: {x: -0.023529166, y: -0.0015277892, z: -0.025432374, w: 0.99939847}
  m_LocalPosition: {x: -0.000000008400529, y: 0.0029769097, z: -2.066372e-10}
  m_LocalScale: {x: 0.9999998, y: 0.99999976, z: 0.9999999}
  m_Children:
  - {fileID: 4005496252559857477}
  m_Father: {fileID: 7030493732672439125}
  m_RootOrder: 0
  m_LocalEulerAnglesHint: {x: 0, y: 0, z: 0}
--- !u!1 &5423048260554022615
GameObject:
  m_ObjectHideFlags: 0
  m_CorrespondingSourceObject: {fileID: 0}
  m_PrefabInstance: {fileID: 0}
  m_PrefabAsset: {fileID: 0}
  serializedVersion: 6
  m_Component:
  - component: {fileID: 5314552762432723903}
  m_Layer: 0
  m_Name: brow1.L
  m_TagString: Untagged
  m_Icon: {fileID: 0}
  m_NavMeshLayer: 0
  m_StaticEditorFlags: 0
  m_IsActive: 1
--- !u!4 &5314552762432723903
Transform:
  m_ObjectHideFlags: 0
  m_CorrespondingSourceObject: {fileID: 0}
  m_PrefabInstance: {fileID: 0}
  m_PrefabAsset: {fileID: 0}
  m_GameObject: {fileID: 5423048260554022615}
  m_LocalRotation: {x: 3.637979e-12, y: -2.5579538e-13, z: 5.556536e-19, w: 1}
  m_LocalPosition: {x: -0.0022435214, y: 0.005037323, z: 0.0018208271}
  m_LocalScale: {x: 1, y: 1, z: 1}
  m_Children: []
  m_Father: {fileID: 8663551413833467711}
  m_RootOrder: 0
  m_LocalEulerAnglesHint: {x: 0, y: 0, z: 0}
--- !u!1 &5434493765211102696
GameObject:
  m_ObjectHideFlags: 0
  m_CorrespondingSourceObject: {fileID: 0}
  m_PrefabInstance: {fileID: 0}
  m_PrefabAsset: {fileID: 0}
  serializedVersion: 6
  m_Component:
  - component: {fileID: 920274397961271541}
  m_Layer: 0
  m_Name: nose1.R
  m_TagString: Untagged
  m_Icon: {fileID: 0}
  m_NavMeshLayer: 0
  m_StaticEditorFlags: 0
  m_IsActive: 1
--- !u!4 &920274397961271541
Transform:
  m_ObjectHideFlags: 0
  m_CorrespondingSourceObject: {fileID: 0}
  m_PrefabInstance: {fileID: 0}
  m_PrefabAsset: {fileID: 0}
  m_GameObject: {fileID: 5434493765211102696}
  m_LocalRotation: {x: 3.637979e-12, y: 0.00000047683693, z: -3.1170812e-19, w: 1}
  m_LocalPosition: {x: -0.001266876, y: 3.3702321e-10, z: 5.5751415e-10}
  m_LocalScale: {x: 1, y: 1, z: 1}
  m_Children: []
  m_Father: {fileID: 8901473556024300265}
  m_RootOrder: 1
  m_LocalEulerAnglesHint: {x: 0, y: 0, z: 0}
--- !u!1 &5464000288815071108
GameObject:
  m_ObjectHideFlags: 0
  m_CorrespondingSourceObject: {fileID: 0}
  m_PrefabInstance: {fileID: 0}
  m_PrefabAsset: {fileID: 0}
  serializedVersion: 6
  m_Component:
  - component: {fileID: 4005496252559857477}
  m_Layer: 0
  m_Name: pointer3.R
  m_TagString: Untagged
  m_Icon: {fileID: 0}
  m_NavMeshLayer: 0
  m_StaticEditorFlags: 0
  m_IsActive: 1
--- !u!4 &4005496252559857477
Transform:
  m_ObjectHideFlags: 0
  m_CorrespondingSourceObject: {fileID: 0}
  m_PrefabInstance: {fileID: 0}
  m_PrefabAsset: {fileID: 0}
  m_GameObject: {fileID: 5464000288815071108}
  m_LocalRotation: {x: 0.026612204, y: -0.000021712653, z: 0.0037733798, w: 0.99963874}
  m_LocalPosition: {x: 0.00000000949949, y: 0.002305347, z: -3.9115547e-10}
  m_LocalScale: {x: 0.9999999, y: 0.99999976, z: 0.9999998}
  m_Children: []
  m_Father: {fileID: 2406736866556770657}
  m_RootOrder: 0
  m_LocalEulerAnglesHint: {x: 0, y: 0, z: 0}
--- !u!1 &5539493848801630864
GameObject:
  m_ObjectHideFlags: 0
  m_CorrespondingSourceObject: {fileID: 0}
  m_PrefabInstance: {fileID: 0}
  m_PrefabAsset: {fileID: 0}
  serializedVersion: 6
  m_Component:
  - component: {fileID: 1584109070007407867}
  m_Layer: 0
  m_Name: thumb3.L
  m_TagString: Untagged
  m_Icon: {fileID: 0}
  m_NavMeshLayer: 0
  m_StaticEditorFlags: 0
  m_IsActive: 1
--- !u!4 &1584109070007407867
Transform:
  m_ObjectHideFlags: 0
  m_CorrespondingSourceObject: {fileID: 0}
  m_PrefabInstance: {fileID: 0}
  m_PrefabAsset: {fileID: 0}
  m_GameObject: {fileID: 5539493848801630864}
  m_LocalRotation: {x: 0.04661704, y: 0.030142363, z: 0.056003015, w: 0.99688613}
  m_LocalPosition: {x: -0.000000005736947, y: 0.0023788516, z: 0}
  m_LocalScale: {x: 0.99999994, y: 1.0000001, z: 0.9999998}
  m_Children: []
  m_Father: {fileID: 4036197136177289014}
  m_RootOrder: 0
  m_LocalEulerAnglesHint: {x: 0, y: 0, z: 0}
--- !u!1 &5599017443426877405
GameObject:
  m_ObjectHideFlags: 0
  m_CorrespondingSourceObject: {fileID: 0}
  m_PrefabInstance: {fileID: 0}
  m_PrefabAsset: {fileID: 0}
  serializedVersion: 6
  m_Component:
  - component: {fileID: 3100343660369200967}
  m_Layer: 0
  m_Name: thumb3.R
  m_TagString: Untagged
  m_Icon: {fileID: 0}
  m_NavMeshLayer: 0
  m_StaticEditorFlags: 0
  m_IsActive: 1
--- !u!4 &3100343660369200967
Transform:
  m_ObjectHideFlags: 0
  m_CorrespondingSourceObject: {fileID: 0}
  m_PrefabInstance: {fileID: 0}
  m_PrefabAsset: {fileID: 0}
  m_GameObject: {fileID: 5599017443426877405}
  m_LocalRotation: {x: 0.046617046, y: -0.030142361, z: -0.05600299, w: 0.99688613}
  m_LocalPosition: {x: -7.0780515e-10, y: 0.0023788523, z: 0}
  m_LocalScale: {x: 1, y: 1, z: 1}
  m_Children: []
  m_Father: {fileID: 335598351215408900}
  m_RootOrder: 0
  m_LocalEulerAnglesHint: {x: 0, y: 0, z: 0}
--- !u!1 &5770791635445510752
GameObject:
  m_ObjectHideFlags: 0
  m_CorrespondingSourceObject: {fileID: 0}
  m_PrefabInstance: {fileID: 0}
  m_PrefabAsset: {fileID: 0}
  serializedVersion: 6
  m_Component:
  - component: {fileID: 3035826825063459673}
  m_Layer: 0
  m_Name: pinky1.L
  m_TagString: Untagged
  m_Icon: {fileID: 0}
  m_NavMeshLayer: 0
  m_StaticEditorFlags: 0
  m_IsActive: 1
--- !u!4 &3035826825063459673
Transform:
  m_ObjectHideFlags: 0
  m_CorrespondingSourceObject: {fileID: 0}
  m_PrefabInstance: {fileID: 0}
  m_PrefabAsset: {fileID: 0}
  m_GameObject: {fileID: 5770791635445510752}
  m_LocalRotation: {x: -0.059950203, y: 0.00811293, z: 0.12033504, w: 0.9908883}
  m_LocalPosition: {x: -0.0010632069, y: 0.008704706, z: -0.0037942915}
  m_LocalScale: {x: 1, y: 1, z: 1.0000001}
  m_Children:
  - {fileID: 8317742926874933096}
  m_Father: {fileID: 444117929621704350}
  m_RootOrder: 1
  m_LocalEulerAnglesHint: {x: 0, y: 0, z: 0}
--- !u!1 &5810512054959165062
GameObject:
  m_ObjectHideFlags: 0
  m_CorrespondingSourceObject: {fileID: 0}
  m_PrefabInstance: {fileID: 0}
  m_PrefabAsset: {fileID: 0}
  serializedVersion: 6
  m_Component:
  - component: {fileID: 3368702856059497969}
  m_Layer: 0
  m_Name: hand.R
  m_TagString: Untagged
  m_Icon: {fileID: 0}
  m_NavMeshLayer: 0
  m_StaticEditorFlags: 0
  m_IsActive: 1
--- !u!4 &3368702856059497969
Transform:
  m_ObjectHideFlags: 0
  m_CorrespondingSourceObject: {fileID: 0}
  m_PrefabInstance: {fileID: 0}
  m_PrefabAsset: {fileID: 0}
  m_GameObject: {fileID: 5810512054959165062}
  m_LocalRotation: {x: 0.028753359, y: 0.046090193, z: 0.040885586, w: 0.99768597}
  m_LocalPosition: {x: 8.1956386e-10, y: 0.02049805, z: 4.0978193e-10}
  m_LocalScale: {x: 0.9999999, y: 1, z: 1}
  m_Children:
  - {fileID: 7071667946399866166}
  - {fileID: 7784558785469633201}
  - {fileID: 7030493732672439125}
  - {fileID: 4097386108003919334}
  - {fileID: 2982853498218744666}
  m_Father: {fileID: 1173867764303453210}
  m_RootOrder: 0
  m_LocalEulerAnglesHint: {x: 0, y: 0, z: 0}
--- !u!1 &6240761783254007524
GameObject:
  m_ObjectHideFlags: 0
  m_CorrespondingSourceObject: {fileID: 0}
  m_PrefabInstance: {fileID: 0}
  m_PrefabAsset: {fileID: 0}
  serializedVersion: 6
  m_Component:
  - component: {fileID: 6303833245762550888}
  m_Layer: 0
  m_Name: coreIK.001
  m_TagString: Untagged
  m_Icon: {fileID: 0}
  m_NavMeshLayer: 0
  m_StaticEditorFlags: 0
  m_IsActive: 1
--- !u!4 &6303833245762550888
Transform:
  m_ObjectHideFlags: 0
  m_CorrespondingSourceObject: {fileID: 0}
  m_PrefabInstance: {fileID: 0}
  m_PrefabAsset: {fileID: 0}
  m_GameObject: {fileID: 6240761783254007524}
  m_LocalRotation: {x: 0.43837526, y: -0.00000010714447, z: -0.00000005225861, w: 0.8987921}
  m_LocalPosition: {x: -1.7091874e-15, y: 0.0070198495, z: 0.0223129}
  m_LocalScale: {x: 1, y: 1, z: 1}
  m_Children: []
  m_Father: {fileID: 3556770186282433790}
  m_RootOrder: 0
  m_LocalEulerAnglesHint: {x: 0, y: 0, z: 0}
--- !u!1 &6278424737298579666
GameObject:
  m_ObjectHideFlags: 0
  m_CorrespondingSourceObject: {fileID: 0}
  m_PrefabInstance: {fileID: 0}
  m_PrefabAsset: {fileID: 0}
  serializedVersion: 6
  m_Component:
  - component: {fileID: 6760353390204750321}
  m_Layer: 0
  m_Name: mouth3.R
  m_TagString: Untagged
  m_Icon: {fileID: 0}
  m_NavMeshLayer: 0
  m_StaticEditorFlags: 0
  m_IsActive: 1
--- !u!4 &6760353390204750321
Transform:
  m_ObjectHideFlags: 0
  m_CorrespondingSourceObject: {fileID: 0}
  m_PrefabInstance: {fileID: 0}
  m_PrefabAsset: {fileID: 0}
  m_GameObject: {fileID: 6278424737298579666}
  m_LocalRotation: {x: -0.00000008952514, y: 0.9749855, z: -0.22226855, w: -0.0000006683645}
  m_LocalPosition: {x: 0.00095710065, y: 0.008515717, z: -0.0023708888}
  m_LocalScale: {x: 1, y: 1.0000001, z: 0.9999999}
  m_Children: []
  m_Father: {fileID: 781212153182154108}
  m_RootOrder: 2
  m_LocalEulerAnglesHint: {x: 0, y: 0, z: 0}
--- !u!1 &6300888925935687844
GameObject:
  m_ObjectHideFlags: 0
  m_CorrespondingSourceObject: {fileID: 0}
  m_PrefabInstance: {fileID: 0}
  m_PrefabAsset: {fileID: 0}
  serializedVersion: 6
  m_Component:
  - component: {fileID: 781212153182154108}
  m_Layer: 0
  m_Name: jaw
  m_TagString: Untagged
  m_Icon: {fileID: 0}
  m_NavMeshLayer: 0
  m_StaticEditorFlags: 0
  m_IsActive: 1
--- !u!4 &781212153182154108
Transform:
  m_ObjectHideFlags: 0
  m_CorrespondingSourceObject: {fileID: 0}
  m_PrefabInstance: {fileID: 0}
  m_PrefabAsset: {fileID: 0}
  m_GameObject: {fileID: 6300888925935687844}
  m_LocalRotation: {x: -0.00000013977547, y: 0.97498554, z: -0.22226848, w: 0.00000023156743}
  m_LocalPosition: {x: 0.000010085764, y: -0.00590757, z: 0.0009524518}
  m_LocalScale: {x: 1, y: 0.9999997, z: 1}
  m_Children:
  - {fileID: 4389258969927918840}
  - {fileID: 6678219975041310147}
  - {fileID: 6760353390204750321}
  m_Father: {fileID: 6180967673215124940}
  m_RootOrder: 0
  m_LocalEulerAnglesHint: {x: 0, y: 0, z: 0}
--- !u!1 &6463682765894050602
GameObject:
  m_ObjectHideFlags: 0
  m_CorrespondingSourceObject: {fileID: 0}
  m_PrefabInstance: {fileID: 0}
  m_PrefabAsset: {fileID: 0}
  serializedVersion: 6
  m_Component:
  - component: {fileID: 444117929621704350}
  m_Layer: 0
  m_Name: hand.L
  m_TagString: Untagged
  m_Icon: {fileID: 0}
  m_NavMeshLayer: 0
  m_StaticEditorFlags: 0
  m_IsActive: 1
--- !u!4 &444117929621704350
Transform:
  m_ObjectHideFlags: 0
  m_CorrespondingSourceObject: {fileID: 0}
  m_PrefabInstance: {fileID: 0}
  m_PrefabAsset: {fileID: 0}
  m_GameObject: {fileID: 6463682765894050602}
  m_LocalRotation: {x: 0.028755102, y: -0.04608991, z: -0.040885415, w: 0.99768597}
  m_LocalPosition: {x: 0.000000004749745, y: 0.02049805, z: 2.2351741e-10}
  m_LocalScale: {x: 0.9999998, y: 0.99999994, z: 0.9999999}
  m_Children:
  - {fileID: 1132222650509159158}
  - {fileID: 3035826825063459673}
  - {fileID: 4064147226964358044}
  - {fileID: 7023009261001469799}
  - {fileID: 858521349826346257}
  m_Father: {fileID: 6269300608898216185}
  m_RootOrder: 0
  m_LocalEulerAnglesHint: {x: 0, y: 0, z: 0}
--- !u!1 &6629177219805501036
GameObject:
  m_ObjectHideFlags: 0
  m_CorrespondingSourceObject: {fileID: 0}
  m_PrefabInstance: {fileID: 0}
  m_PrefabAsset: {fileID: 0}
  serializedVersion: 6
  m_Component:
  - component: {fileID: 3311285840813243686}
  m_Layer: 0
  m_Name: nose2.L
  m_TagString: Untagged
  m_Icon: {fileID: 0}
  m_NavMeshLayer: 0
  m_StaticEditorFlags: 0
  m_IsActive: 1
--- !u!4 &3311285840813243686
Transform:
  m_ObjectHideFlags: 0
  m_CorrespondingSourceObject: {fileID: 0}
  m_PrefabInstance: {fileID: 0}
  m_PrefabAsset: {fileID: 0}
  m_GameObject: {fileID: 6629177219805501036}
  m_LocalRotation: {x: -6.0523985e-17, y: 1, z: -3.63804e-12, w: 0.00000019470718}
  m_LocalPosition: {x: -0.0016420425, y: 0.009784369, z: -0.003550882}
  m_LocalScale: {x: 1, y: 1, z: 1}
  m_Children: []
  m_Father: {fileID: 6360825143835861561}
  m_RootOrder: 8
  m_LocalEulerAnglesHint: {x: 0, y: 0, z: 0}
--- !u!1 &6659111737049261384
GameObject:
  m_ObjectHideFlags: 0
  m_CorrespondingSourceObject: {fileID: 0}
  m_PrefabInstance: {fileID: 0}
  m_PrefabAsset: {fileID: 0}
  serializedVersion: 6
  m_Component:
  - component: {fileID: 7591195826609770051}
  m_Layer: 0
  m_Name: spine1
  m_TagString: Untagged
  m_Icon: {fileID: 0}
  m_NavMeshLayer: 0
  m_StaticEditorFlags: 0
  m_IsActive: 1
--- !u!4 &7591195826609770051
Transform:
  m_ObjectHideFlags: 0
  m_CorrespondingSourceObject: {fileID: 0}
  m_PrefabInstance: {fileID: 0}
  m_PrefabAsset: {fileID: 0}
  m_GameObject: {fileID: 6659111737049261384}
  m_LocalRotation: {x: 0.6373966, y: 0.0000000918549, z: 0.00000007598342, w: 0.77053595}
  m_LocalPosition: {x: -4.9014455e-15, y: 2.9802322e-10, z: -0.0000000010430813}
  m_LocalScale: {x: 1, y: 0.99999994, z: 1}
  m_Children:
  - {fileID: 8759945256908946105}
  - {fileID: 6923276659408926105}
  - {fileID: 7708217716058017057}
  m_Father: {fileID: 3556770186282433790}
  m_RootOrder: 1
  m_LocalEulerAnglesHint: {x: 0, y: 0, z: 0}
--- !u!1 &6723581282742802195
GameObject:
  m_ObjectHideFlags: 0
  m_CorrespondingSourceObject: {fileID: 0}
  m_PrefabInstance: {fileID: 0}
  m_PrefabAsset: {fileID: 0}
  serializedVersion: 6
  m_Component:
  - component: {fileID: 6736414864748880107}
  m_Layer: 0
  m_Name: mouth1.R
  m_TagString: Untagged
  m_Icon: {fileID: 0}
  m_NavMeshLayer: 0
  m_StaticEditorFlags: 0
  m_IsActive: 1
--- !u!4 &6736414864748880107
Transform:
  m_ObjectHideFlags: 0
  m_CorrespondingSourceObject: {fileID: 0}
  m_PrefabInstance: {fileID: 0}
  m_PrefabAsset: {fileID: 0}
  m_GameObject: {fileID: 6723581282742802195}
  m_LocalRotation: {x: 1.8189894e-12, y: 0.00000047683687, z: -3.2526055e-19, w: 1}
  m_LocalPosition: {x: -0.0022069656, y: 0.001879843, z: -0.000059873688}
  m_LocalScale: {x: 1, y: 0.9999999, z: 1}
  m_Children: []
  m_Father: {fileID: 6180967673215124940}
  m_RootOrder: 2
  m_LocalEulerAnglesHint: {x: 0, y: 0, z: 0}
--- !u!1 &6858535775529342056
GameObject:
  m_ObjectHideFlags: 0
  m_CorrespondingSourceObject: {fileID: 0}
  m_PrefabInstance: {fileID: 0}
  m_PrefabAsset: {fileID: 0}
  serializedVersion: 6
  m_Component:
  - component: {fileID: 2230007385188103773}
  m_Layer: 0
  m_Name: middle3.R
  m_TagString: Untagged
  m_Icon: {fileID: 0}
  m_NavMeshLayer: 0
  m_StaticEditorFlags: 0
  m_IsActive: 1
--- !u!4 &2230007385188103773
Transform:
  m_ObjectHideFlags: 0
  m_CorrespondingSourceObject: {fileID: 0}
  m_PrefabInstance: {fileID: 0}
  m_PrefabAsset: {fileID: 0}
  m_GameObject: {fileID: 6858535775529342056}
  m_LocalRotation: {x: 0.00662982, y: -0.00013423825, z: 0.010846815, w: 0.99991924}
  m_LocalPosition: {x: 6.519258e-10, y: 0.0025160513, z: -3.7252902e-11}
  m_LocalScale: {x: 0.99999964, y: 1, z: 0.9999998}
  m_Children: []
  m_Father: {fileID: 5506798775744331284}
  m_RootOrder: 0
  m_LocalEulerAnglesHint: {x: 0, y: 0, z: 0}
--- !u!1 &6965282248763436062
GameObject:
  m_ObjectHideFlags: 0
  m_CorrespondingSourceObject: {fileID: 0}
  m_PrefabInstance: {fileID: 0}
  m_PrefabAsset: {fileID: 0}
  serializedVersion: 6
  m_Component:
  - component: {fileID: 8915500922176775741}
  m_Layer: 0
  m_Name: ring2.R
  m_TagString: Untagged
  m_Icon: {fileID: 0}
  m_NavMeshLayer: 0
  m_StaticEditorFlags: 0
  m_IsActive: 1
--- !u!4 &8915500922176775741
Transform:
  m_ObjectHideFlags: 0
  m_CorrespondingSourceObject: {fileID: 0}
  m_PrefabInstance: {fileID: 0}
  m_PrefabAsset: {fileID: 0}
  m_GameObject: {fileID: 6965282248763436062}
  m_LocalRotation: {x: -0.001919614, y: 0.00011080144, z: 0.014516413, w: 0.99989283}
  m_LocalPosition: {x: 0.000000007580965, y: 0.0033418834, z: 2.0489097e-10}
  m_LocalScale: {x: 0.99999994, y: 1, z: 1}
  m_Children:
  - {fileID: 2618595969748217803}
  m_Father: {fileID: 4097386108003919334}
  m_RootOrder: 0
  m_LocalEulerAnglesHint: {x: 0, y: 0, z: 0}
--- !u!1 &7130741002884137389
GameObject:
  m_ObjectHideFlags: 0
  m_CorrespondingSourceObject: {fileID: 0}
  m_PrefabInstance: {fileID: 0}
  m_PrefabAsset: {fileID: 0}
  serializedVersion: 6
  m_Component:
  - component: {fileID: 6496929282050619132}
  m_Layer: 0
  m_Name: footIK.R
  m_TagString: Untagged
  m_Icon: {fileID: 0}
  m_NavMeshLayer: 0
  m_StaticEditorFlags: 0
  m_IsActive: 1
--- !u!4 &6496929282050619132
Transform:
  m_ObjectHideFlags: 0
  m_CorrespondingSourceObject: {fileID: 0}
  m_PrefabInstance: {fileID: 0}
  m_PrefabAsset: {fileID: 0}
  m_GameObject: {fileID: 7130741002884137389}
  m_LocalRotation: {x: 0.00024502995, y: 0.998783, z: 0.049067277, w: 0.004983745}
  m_LocalPosition: {x: 0.0059370794, y: 0.003082624, z: -0.004008285}
  m_LocalScale: {x: 1, y: 1.0000001, z: 1}
  m_Children: []
  m_Father: {fileID: 1135593240478124997}
  m_RootOrder: 2
  m_LocalEulerAnglesHint: {x: 0, y: 0, z: 0}
--- !u!1 &7182851832017993046
GameObject:
  m_ObjectHideFlags: 0
  m_CorrespondingSourceObject: {fileID: 0}
  m_PrefabInstance: {fileID: 0}
  m_PrefabAsset: {fileID: 0}
  serializedVersion: 6
  m_Component:
  - component: {fileID: 363702381267154215}
  m_Layer: 0
  m_Name: toe.R
  m_TagString: Untagged
  m_Icon: {fileID: 0}
  m_NavMeshLayer: 0
  m_StaticEditorFlags: 0
  m_IsActive: 1
--- !u!4 &363702381267154215
Transform:
  m_ObjectHideFlags: 0
  m_CorrespondingSourceObject: {fileID: 0}
  m_PrefabInstance: {fileID: 0}
  m_PrefabAsset: {fileID: 0}
  m_GameObject: {fileID: 7182851832017993046}
  m_LocalRotation: {x: 0.05550827, y: -0.044426456, z: -0.0030278363, w: 0.9974648}
  m_LocalPosition: {x: -4.2840836e-10, y: 0.009753978, z: -0.0000000033108516}
  m_LocalScale: {x: 0.99999994, y: 1, z: 1.0000001}
  m_Children: []
  m_Father: {fileID: 3493055239820563949}
  m_RootOrder: 0
  m_LocalEulerAnglesHint: {x: 0, y: 0, z: 0}
--- !u!1 &7189817751379874545
GameObject:
  m_ObjectHideFlags: 0
  m_CorrespondingSourceObject: {fileID: 0}
  m_PrefabInstance: {fileID: 0}
  m_PrefabAsset: {fileID: 0}
  serializedVersion: 6
  m_Component:
  - component: {fileID: 4637961255828720426}
  m_Layer: 0
  m_Name: pinky2.R
  m_TagString: Untagged
  m_Icon: {fileID: 0}
  m_NavMeshLayer: 0
  m_StaticEditorFlags: 0
  m_IsActive: 1
--- !u!4 &4637961255828720426
Transform:
  m_ObjectHideFlags: 0
  m_CorrespondingSourceObject: {fileID: 0}
  m_PrefabInstance: {fileID: 0}
  m_PrefabAsset: {fileID: 0}
  m_GameObject: {fileID: 7189817751379874545}
  m_LocalRotation: {x: -0.00090875395, y: 0.000061056846, z: 0.010857415, w: 0.99994063}
  m_LocalPosition: {x: -0.000000002027955, y: 0.002416588, z: 2.7939676e-10}
  m_LocalScale: {x: 0.9999998, y: 0.9999999, z: 0.99999994}
  m_Children:
  - {fileID: 2944762049478792675}
  m_Father: {fileID: 7784558785469633201}
  m_RootOrder: 0
  m_LocalEulerAnglesHint: {x: 0, y: 0, z: 0}
--- !u!1 &7364522961453297158
GameObject:
  m_ObjectHideFlags: 0
  m_CorrespondingSourceObject: {fileID: 0}
  m_PrefabInstance: {fileID: 0}
  m_PrefabAsset: {fileID: 0}
  serializedVersion: 6
  m_Component:
  - component: {fileID: 6923276659408926105}
  m_Layer: 0
  m_Name: hip.R
  m_TagString: Untagged
  m_Icon: {fileID: 0}
  m_NavMeshLayer: 0
  m_StaticEditorFlags: 0
  m_IsActive: 1
--- !u!4 &6923276659408926105
Transform:
  m_ObjectHideFlags: 0
  m_CorrespondingSourceObject: {fileID: 0}
  m_PrefabInstance: {fileID: 0}
  m_PrefabAsset: {fileID: 0}
  m_GameObject: {fileID: 7364522961453297158}
  m_LocalRotation: {x: -0.008985177, y: 0.11936059, z: 0.992808, w: 0.0021627147}
  m_LocalPosition: {x: 0.0065529495, y: -0.005393685, z: 0.0012667638}
  m_LocalScale: {x: 0.99999994, y: 0.99999976, z: 0.9999962}
  m_Children:
  - {fileID: 1221653556537823779}
  m_Father: {fileID: 7591195826609770051}
  m_RootOrder: 1
  m_LocalEulerAnglesHint: {x: 0, y: 0, z: 0}
--- !u!1 &7405143075037525653
GameObject:
  m_ObjectHideFlags: 0
  m_CorrespondingSourceObject: {fileID: 0}
  m_PrefabInstance: {fileID: 0}
  m_PrefabAsset: {fileID: 0}
  serializedVersion: 6
  m_Component:
  - component: {fileID: 2345219989126018607}
  m_Layer: 0
  m_Name: ring2.L
  m_TagString: Untagged
  m_Icon: {fileID: 0}
  m_NavMeshLayer: 0
  m_StaticEditorFlags: 0
  m_IsActive: 1
--- !u!4 &2345219989126018607
Transform:
  m_ObjectHideFlags: 0
  m_CorrespondingSourceObject: {fileID: 0}
  m_PrefabInstance: {fileID: 0}
  m_PrefabAsset: {fileID: 0}
  m_GameObject: {fileID: 7405143075037525653}
  m_LocalRotation: {x: -0.0019195997, y: -0.00011079496, z: -0.01451648, w: 0.99989283}
  m_LocalPosition: {x: -0.0000000026123597, y: 0.003341887, z: -1.0244548e-10}
  m_LocalScale: {x: 0.99999994, y: 0.99999994, z: 0.99999994}
  m_Children:
  - {fileID: 7379431966434456319}
  m_Father: {fileID: 7023009261001469799}
  m_RootOrder: 0
  m_LocalEulerAnglesHint: {x: 0, y: 0, z: 0}
--- !u!1 &7459247473911729006
GameObject:
  m_ObjectHideFlags: 0
  m_CorrespondingSourceObject: {fileID: 0}
  m_PrefabInstance: {fileID: 0}
  m_PrefabAsset: {fileID: 0}
  serializedVersion: 6
  m_Component:
  - component: {fileID: 2065070716737896185}
  m_Layer: 0
  m_Name: middle2.L
  m_TagString: Untagged
  m_Icon: {fileID: 0}
  m_NavMeshLayer: 0
  m_StaticEditorFlags: 0
  m_IsActive: 1
--- !u!4 &2065070716737896185
Transform:
  m_ObjectHideFlags: 0
  m_CorrespondingSourceObject: {fileID: 0}
  m_PrefabInstance: {fileID: 0}
  m_PrefabAsset: {fileID: 0}
  m_GameObject: {fileID: 7459247473911729006}
  m_LocalRotation: {x: -0.017039828, y: 0.00005306437, z: -0.0010368176, w: 0.9998543}
  m_LocalPosition: {x: 6.705522e-10, y: 0.003593142, z: 1.3969838e-10}
  m_LocalScale: {x: 0.9999999, y: 0.9999999, z: 1}
  m_Children:
  - {fileID: 7412130451840543479}
  m_Father: {fileID: 1132222650509159158}
  m_RootOrder: 0
  m_LocalEulerAnglesHint: {x: 0, y: 0, z: 0}
--- !u!1 &7505850624452949300
GameObject:
  m_ObjectHideFlags: 0
  m_CorrespondingSourceObject: {fileID: 0}
  m_PrefabInstance: {fileID: 0}
  m_PrefabAsset: {fileID: 0}
  serializedVersion: 6
  m_Component:
  - component: {fileID: 3037228370479963997}
  m_Layer: 0
  m_Name: brow1.R
  m_TagString: Untagged
  m_Icon: {fileID: 0}
  m_NavMeshLayer: 0
  m_StaticEditorFlags: 0
  m_IsActive: 1
--- !u!4 &3037228370479963997
Transform:
  m_ObjectHideFlags: 0
  m_CorrespondingSourceObject: {fileID: 0}
  m_PrefabInstance: {fileID: 0}
  m_PrefabAsset: {fileID: 0}
  m_GameObject: {fileID: 7505850624452949300}
  m_LocalRotation: {x: 3.637979e-12, y: -0.00000003178579, z: -3.1170812e-19, w: 1}
  m_LocalPosition: {x: 0.0022435212, y: 0.005037323, z: 0.0018208273}
  m_LocalScale: {x: 1, y: 1, z: 1}
  m_Children: []
  m_Father: {fileID: 1623880967985472667}
  m_RootOrder: 0
  m_LocalEulerAnglesHint: {x: 0, y: 0, z: 0}
--- !u!1 &7589783002532230652
GameObject:
  m_ObjectHideFlags: 0
  m_CorrespondingSourceObject: {fileID: 0}
  m_PrefabInstance: {fileID: 0}
  m_PrefabAsset: {fileID: 0}
  serializedVersion: 6
  m_Component:
  - component: {fileID: 2937892931267572929}
  m_Layer: 0
  m_Name: lid2.L
  m_TagString: Untagged
  m_Icon: {fileID: 0}
  m_NavMeshLayer: 0
  m_StaticEditorFlags: 0
  m_IsActive: 1
--- !u!4 &2937892931267572929
Transform:
  m_ObjectHideFlags: 0
  m_CorrespondingSourceObject: {fileID: 0}
  m_PrefabInstance: {fileID: 0}
  m_PrefabAsset: {fileID: 0}
  m_GameObject: {fileID: 7589783002532230652}
  m_LocalRotation: {x: -0.36439928, y: -0.00000029233263, z: 0.00000028815026, w: 0.9312428}
  m_LocalPosition: {x: 3.3896916e-10, y: 0.0012004416, z: 0.00051299226}
  m_LocalScale: {x: 0.9999999, y: 0.99999976, z: 0.9999999}
  m_Children: []
  m_Father: {fileID: 8663551413833467711}
  m_RootOrder: 5
  m_LocalEulerAnglesHint: {x: 0, y: 0, z: 0}
--- !u!1 &7663096907527526099
GameObject:
  m_ObjectHideFlags: 0
  m_CorrespondingSourceObject: {fileID: 0}
  m_PrefabInstance: {fileID: 0}
  m_PrefabAsset: {fileID: 0}
  serializedVersion: 6
  m_Component:
  - component: {fileID: 1172334871201114794}
  m_Layer: 0
  m_Name: cheek2.L
  m_TagString: Untagged
  m_Icon: {fileID: 0}
  m_NavMeshLayer: 0
  m_StaticEditorFlags: 0
  m_IsActive: 1
--- !u!4 &1172334871201114794
Transform:
  m_ObjectHideFlags: 0
  m_CorrespondingSourceObject: {fileID: 0}
  m_PrefabInstance: {fileID: 0}
  m_PrefabAsset: {fileID: 0}
  m_GameObject: {fileID: 7663096907527526099}
  m_LocalRotation: {x: -6.0523985e-17, y: 1, z: -3.63804e-12, w: 0.00000019470718}
  m_LocalPosition: {x: -0.0050435034, y: 0.008830926, z: -0.0029888}
  m_LocalScale: {x: 1, y: 1, z: 1}
  m_Children: []
  m_Father: {fileID: 6360825143835861561}
  m_RootOrder: 2
  m_LocalEulerAnglesHint: {x: 0, y: 0, z: 0}
--- !u!1 &7674187131518208096
GameObject:
  m_ObjectHideFlags: 0
  m_CorrespondingSourceObject: {fileID: 0}
  m_PrefabInstance: {fileID: 0}
  m_PrefabAsset: {fileID: 0}
  serializedVersion: 6
  m_Component:
  - component: {fileID: 4097386108003919334}
  m_Layer: 0
  m_Name: ring1.R
  m_TagString: Untagged
  m_Icon: {fileID: 0}
  m_NavMeshLayer: 0
  m_StaticEditorFlags: 0
  m_IsActive: 1
--- !u!4 &4097386108003919334
Transform:
  m_ObjectHideFlags: 0
  m_CorrespondingSourceObject: {fileID: 0}
  m_PrefabInstance: {fileID: 0}
  m_PrefabAsset: {fileID: 0}
  m_GameObject: {fileID: 7674187131518208096}
  m_LocalRotation: {x: -0.05179802, y: -0.007533956, z: -0.09288985, w: 0.9942996}
  m_LocalPosition: {x: 0.0010362411, y: 0.009128813, z: -0.0023752078}
  m_LocalScale: {x: 1, y: 1, z: 1}
  m_Children:
  - {fileID: 8915500922176775741}
  m_Father: {fileID: 3368702856059497969}
  m_RootOrder: 3
  m_LocalEulerAnglesHint: {x: 0, y: 0, z: 0}
--- !u!1 &7844043530011685245
GameObject:
  m_ObjectHideFlags: 0
  m_CorrespondingSourceObject: {fileID: 0}
  m_PrefabInstance: {fileID: 0}
  m_PrefabAsset: {fileID: 0}
  serializedVersion: 6
  m_Component:
  - component: {fileID: 925646528935479619}
  m_Layer: 0
  m_Name: nose1.L
  m_TagString: Untagged
  m_Icon: {fileID: 0}
  m_NavMeshLayer: 0
  m_StaticEditorFlags: 0
  m_IsActive: 1
--- !u!4 &925646528935479619
Transform:
  m_ObjectHideFlags: 0
  m_CorrespondingSourceObject: {fileID: 0}
  m_PrefabInstance: {fileID: 0}
  m_PrefabAsset: {fileID: 0}
  m_GameObject: {fileID: 7844043530011685245}
  m_LocalRotation: {x: 3.637979e-12, y: -2.5579538e-13, z: 5.556536e-19, w: 1}
  m_LocalPosition: {x: 0.0012870447, y: 3.370215e-10, z: -8.226498e-10}
  m_LocalScale: {x: 1, y: 1, z: 1}
  m_Children: []
  m_Father: {fileID: 8901473556024300265}
  m_RootOrder: 0
  m_LocalEulerAnglesHint: {x: 0, y: 0, z: 0}
--- !u!1 &7981984636226812011
GameObject:
  m_ObjectHideFlags: 0
  m_CorrespondingSourceObject: {fileID: 0}
  m_PrefabInstance: {fileID: 0}
  m_PrefabAsset: {fileID: 0}
  serializedVersion: 6
  m_Component:
  - component: {fileID: 6394729692537936902}
  - component: {fileID: 2177096855571975363}
  m_Layer: 0
  m_Name: Skirt
  m_TagString: Untagged
  m_Icon: {fileID: 0}
  m_NavMeshLayer: 0
  m_StaticEditorFlags: 0
  m_IsActive: 1
--- !u!4 &6394729692537936902
Transform:
  m_ObjectHideFlags: 0
  m_CorrespondingSourceObject: {fileID: 0}
  m_PrefabInstance: {fileID: 0}
  m_PrefabAsset: {fileID: 0}
  m_GameObject: {fileID: 7981984636226812011}
  m_LocalRotation: {x: 2.7887344e-15, y: 1, z: -0.000000037748954, w: 0.0000000754979}
  m_LocalPosition: {x: -0, y: 0, z: -0.000000007450581}
  m_LocalScale: {x: 0.99999976, y: 0.99999976, z: 0.99999976}
  m_Children: []
  m_Father: {fileID: 4082053061919013639}
  m_RootOrder: 1
  m_LocalEulerAnglesHint: {x: 0, y: 0, z: 0}
--- !u!137 &2177096855571975363
SkinnedMeshRenderer:
  m_ObjectHideFlags: 0
  m_CorrespondingSourceObject: {fileID: 0}
  m_PrefabInstance: {fileID: 0}
  m_PrefabAsset: {fileID: 0}
  m_GameObject: {fileID: 7981984636226812011}
  m_Enabled: 1
  m_CastShadows: 1
  m_ReceiveShadows: 1
  m_DynamicOccludee: 1
  m_MotionVectors: 1
  m_LightProbeUsage: 1
  m_ReflectionProbeUsage: 1
  m_RayTracingMode: 3
  m_RayTraceProcedural: 0
  m_RenderingLayerMask: 1
  m_RendererPriority: 0
  m_Materials:
  - {fileID: 2100000, guid: 0da58b23c2d498747acaed90dc118d61, type: 2}
  m_StaticBatchInfo:
    firstSubMesh: 0
    subMeshCount: 0
  m_StaticBatchRoot: {fileID: 0}
  m_ProbeAnchor: {fileID: 0}
  m_LightProbeVolumeOverride: {fileID: 0}
  m_ScaleInLightmap: 1
  m_ReceiveGI: 1
  m_PreserveUVs: 0
  m_IgnoreNormalsForChartDetection: 0
  m_ImportantGI: 0
  m_StitchLightmapSeams: 1
  m_SelectedEditorRenderState: 3
  m_MinimumChartSize: 4
  m_AutoUVMaxDistance: 0.5
  m_AutoUVMaxAngle: 89
  m_LightmapParameters: {fileID: 0}
  m_SortingLayerID: 0
  m_SortingLayer: 0
  m_SortingOrder: 0
  serializedVersion: 2
  m_Quality: 0
  m_UpdateWhenOffscreen: 0
  m_SkinnedMotionVectors: 1
  m_Mesh: {fileID: -4672812091889941496, guid: 187ac3298e84fdf4cab518ab49e42c7a, type: 3}
  m_Bones:
  - {fileID: 1135593240478124997}
  - {fileID: 3014446422811344058}
  - {fileID: 6494707560657033949}
  - {fileID: 3556770186282433790}
  - {fileID: 6303833245762550888}
  - {fileID: 7591195826609770051}
  - {fileID: 8759945256908946105}
  - {fileID: 3986259233155461935}
  - {fileID: 465731526913358997}
  - {fileID: 5681430328216981389}
  - {fileID: 7708217716058017057}
  - {fileID: 2664053001855162268}
  - {fileID: 1394512354187573402}
  - {fileID: 7833413925887789518}
  - {fileID: 2393625943595510677}
  - {fileID: 6269300608898216185}
  - {fileID: 444117929621704350}
  - {fileID: 1132222650509159158}
  - {fileID: 2065070716737896185}
  - {fileID: 7412130451840543479}
  - {fileID: 4064147226964358044}
  - {fileID: 2202898213023845971}
  - {fileID: 982216509570322876}
  - {fileID: 858521349826346257}
  - {fileID: 4036197136177289014}
  - {fileID: 1584109070007407867}
  - {fileID: 7023009261001469799}
  - {fileID: 2345219989126018607}
  - {fileID: 7379431966434456319}
  - {fileID: 3035826825063459673}
  - {fileID: 8317742926874933096}
  - {fileID: 2182582609664528029}
  - {fileID: 1698824779998191085}
  - {fileID: 7342249509140685903}
  - {fileID: 1173867764303453210}
  - {fileID: 3368702856059497969}
  - {fileID: 7071667946399866166}
  - {fileID: 5506798775744331284}
  - {fileID: 2230007385188103773}
  - {fileID: 7030493732672439125}
  - {fileID: 2406736866556770657}
  - {fileID: 4005496252559857477}
  - {fileID: 4097386108003919334}
  - {fileID: 8915500922176775741}
  - {fileID: 2618595969748217803}
  - {fileID: 7784558785469633201}
  - {fileID: 4637961255828720426}
  - {fileID: 2944762049478792675}
  - {fileID: 2982853498218744666}
  - {fileID: 335598351215408900}
  - {fileID: 3100343660369200967}
  - {fileID: 6052809634742802205}
  - {fileID: 6360825143835861561}
  - {fileID: 8901473556024300265}
  - {fileID: 925646528935479619}
  - {fileID: 920274397961271541}
  - {fileID: 3311285840813243686}
  - {fileID: 2444969312199456667}
  - {fileID: 6180967673215124940}
  - {fileID: 781212153182154108}
  - {fileID: 6678219975041310147}
  - {fileID: 6760353390204750321}
  - {fileID: 4389258969927918840}
  - {fileID: 7197542004326007224}
  - {fileID: 6736414864748880107}
  - {fileID: 3167769064398865914}
  - {fileID: 6604052238465311953}
  - {fileID: 8663551413833467711}
  - {fileID: 6388584214045264765}
  - {fileID: 8664452660491327900}
  - {fileID: 4265713027560240321}
  - {fileID: 5314552762432723903}
  - {fileID: 8099063691209536648}
  - {fileID: 2937892931267572929}
  - {fileID: 1172334871201114794}
  - {fileID: 1623880967985472667}
  - {fileID: 1635426304356978531}
  - {fileID: 7000660295325332742}
  - {fileID: 7130498786772398701}
  - {fileID: 958367913641370118}
  - {fileID: 3037228370479963997}
  - {fileID: 1132123272071293194}
  - {fileID: 6496599507544101931}
  - {fileID: 8475163469904513265}
  - {fileID: 1029913142443833933}
  - {fileID: 6923276659408926105}
  - {fileID: 1221653556537823779}
  - {fileID: 3493055239820563949}
  - {fileID: 363702381267154215}
  - {fileID: 3228991642958987122}
  - {fileID: 6496929282050619132}
  - {fileID: 4546630383049052538}
  - {fileID: 4213428519543396765}
  m_BlendShapeWeights: []
  m_RootBone: {fileID: 1135593240478124997}
  m_AABB:
    m_Center: {x: -0.00035823975, y: 0.0057279095, z: -0.090721905}
    m_Extent: {x: 0.023295332, y: 0.018172076, z: 0.024192292}
  m_DirtyAABB: 0
--- !u!1 &8081683656499359396
GameObject:
  m_ObjectHideFlags: 0
  m_CorrespondingSourceObject: {fileID: 0}
  m_PrefabInstance: {fileID: 0}
  m_PrefabAsset: {fileID: 0}
  serializedVersion: 6
  m_Component:
  - component: {fileID: 1635426304356978531}
  m_Layer: 0
  m_Name: eye.R
  m_TagString: Untagged
  m_Icon: {fileID: 0}
  m_NavMeshLayer: 0
  m_StaticEditorFlags: 0
  m_IsActive: 1
--- !u!4 &1635426304356978531
Transform:
  m_ObjectHideFlags: 0
  m_CorrespondingSourceObject: {fileID: 0}
  m_PrefabInstance: {fileID: 0}
  m_PrefabAsset: {fileID: 0}
  m_GameObject: {fileID: 8081683656499359396}
  m_LocalRotation: {x: 0.03737524, y: 0.9993013, z: 0.00003123645, w: -0.0000024860437}
  m_LocalPosition: {x: -1.2495929e-10, y: 0.0012004443, z: -0.000000007973054}
  m_LocalScale: {x: 0.99999994, y: 0.9999998, z: 0.9999999}
  m_Children: []
  m_Father: {fileID: 1623880967985472667}
  m_RootOrder: 3
  m_LocalEulerAnglesHint: {x: 0, y: 0, z: 0}
--- !u!1 &8332776030611366933
GameObject:
  m_ObjectHideFlags: 0
  m_CorrespondingSourceObject: {fileID: 0}
  m_PrefabInstance: {fileID: 0}
  m_PrefabAsset: {fileID: 0}
  serializedVersion: 6
  m_Component:
  - component: {fileID: 6360825143835861561}
  m_Layer: 0
  m_Name: head
  m_TagString: Untagged
  m_Icon: {fileID: 0}
  m_NavMeshLayer: 0
  m_StaticEditorFlags: 0
  m_IsActive: 1
--- !u!4 &6360825143835861561
Transform:
  m_ObjectHideFlags: 0
  m_CorrespondingSourceObject: {fileID: 0}
  m_PrefabInstance: {fileID: 0}
  m_PrefabAsset: {fileID: 0}
  m_GameObject: {fileID: 8332776030611366933}
  m_LocalRotation: {x: 0.6381534, y: 0.00000003365558, z: -0.00000012425664, w: 0.76990926}
  m_LocalPosition: {x: -2.842171e-16, y: 0.0063102255, z: -5.960462e-10}
  m_LocalScale: {x: 0.9999999, y: 0.9999999, z: 0.9999999}
  m_Children:
  - {fileID: 6496599507544101931}
  - {fileID: 1029913142443833933}
  - {fileID: 1172334871201114794}
  - {fileID: 8475163469904513265}
  - {fileID: 8663551413833467711}
  - {fileID: 1623880967985472667}
  - {fileID: 6180967673215124940}
  - {fileID: 8901473556024300265}
  - {fileID: 3311285840813243686}
  - {fileID: 2444969312199456667}
  m_Father: {fileID: 6052809634742802205}
  m_RootOrder: 0
  m_LocalEulerAnglesHint: {x: 0, y: 0, z: 0}
--- !u!1 &8419091505320990529
GameObject:
  m_ObjectHideFlags: 0
  m_CorrespondingSourceObject: {fileID: 0}
  m_PrefabInstance: {fileID: 0}
  m_PrefabAsset: {fileID: 0}
  serializedVersion: 6
  m_Component:
  - component: {fileID: 5506798775744331284}
  m_Layer: 0
  m_Name: middle2.R
  m_TagString: Untagged
  m_Icon: {fileID: 0}
  m_NavMeshLayer: 0
  m_StaticEditorFlags: 0
  m_IsActive: 1
--- !u!4 &5506798775744331284
Transform:
  m_ObjectHideFlags: 0
  m_CorrespondingSourceObject: {fileID: 0}
  m_PrefabInstance: {fileID: 0}
  m_PrefabAsset: {fileID: 0}
  m_GameObject: {fileID: 8419091505320990529}
  m_LocalRotation: {x: -0.017039834, y: -0.00005306484, z: 0.0010368258, w: 0.9998543}
  m_LocalPosition: {x: 0.0000000032875687, y: 0.003593142, z: -2.8871e-10}
  m_LocalScale: {x: 1, y: 1.0000001, z: 0.99999994}
  m_Children:
  - {fileID: 2230007385188103773}
  m_Father: {fileID: 7071667946399866166}
  m_RootOrder: 0
  m_LocalEulerAnglesHint: {x: 0, y: 0, z: 0}
--- !u!1 &8849161257908139120
GameObject:
  m_ObjectHideFlags: 0
  m_CorrespondingSourceObject: {fileID: 0}
  m_PrefabInstance: {fileID: 0}
  m_PrefabAsset: {fileID: 0}
  serializedVersion: 6
  m_Component:
  - component: {fileID: 4265713027560240321}
  m_Layer: 0
  m_Name: brow3.L
  m_TagString: Untagged
  m_Icon: {fileID: 0}
  m_NavMeshLayer: 0
  m_StaticEditorFlags: 0
  m_IsActive: 1
--- !u!4 &4265713027560240321
Transform:
  m_ObjectHideFlags: 0
  m_CorrespondingSourceObject: {fileID: 0}
  m_PrefabInstance: {fileID: 0}
  m_PrefabAsset: {fileID: 0}
  m_GameObject: {fileID: 8849161257908139120}
  m_LocalRotation: {x: 3.637979e-12, y: -2.5579538e-13, z: 5.556536e-19, w: 1}
  m_LocalPosition: {x: 0.0024386123, y: 0.0026275301, z: 0.0020484326}
  m_LocalScale: {x: 1, y: 1, z: 1}
  m_Children: []
  m_Father: {fileID: 8663551413833467711}
  m_RootOrder: 2
  m_LocalEulerAnglesHint: {x: 0, y: 0, z: 0}
--- !u!1 &8946814153884633868
GameObject:
  m_ObjectHideFlags: 0
  m_CorrespondingSourceObject: {fileID: 0}
  m_PrefabInstance: {fileID: 0}
  m_PrefabAsset: {fileID: 0}
  serializedVersion: 6
  m_Component:
  - component: {fileID: 8099063691209536648}
  m_Layer: 0
  m_Name: brow2.L
  m_TagString: Untagged
  m_Icon: {fileID: 0}
  m_NavMeshLayer: 0
  m_StaticEditorFlags: 0
  m_IsActive: 1
--- !u!4 &8099063691209536648
Transform:
  m_ObjectHideFlags: 0
  m_CorrespondingSourceObject: {fileID: 0}
  m_PrefabInstance: {fileID: 0}
  m_PrefabAsset: {fileID: 0}
  m_GameObject: {fileID: 8946814153884633868}
  m_LocalRotation: {x: 3.637979e-12, y: -2.5579538e-13, z: 5.556536e-19, w: 1}
  m_LocalPosition: {x: 0.00019508967, y: 0.0043836036, z: 0.0022722455}
  m_LocalScale: {x: 1, y: 1, z: 1}
  m_Children: []
  m_Father: {fileID: 8663551413833467711}
  m_RootOrder: 1
  m_LocalEulerAnglesHint: {x: 0, y: 0, z: 0}
--- !u!1 &9080685696664081739
GameObject:
  m_ObjectHideFlags: 0
  m_CorrespondingSourceObject: {fileID: 0}
  m_PrefabInstance: {fileID: 0}
  m_PrefabAsset: {fileID: 0}
  serializedVersion: 6
  m_Component:
  - component: {fileID: 6604052238465311953}
  m_Layer: 0
  m_Name: mouth2.R
  m_TagString: Untagged
  m_Icon: {fileID: 0}
  m_NavMeshLayer: 0
  m_StaticEditorFlags: 0
  m_IsActive: 1
--- !u!4 &6604052238465311953
Transform:
  m_ObjectHideFlags: 0
  m_CorrespondingSourceObject: {fileID: 0}
  m_PrefabInstance: {fileID: 0}
  m_PrefabAsset: {fileID: 0}
  m_GameObject: {fileID: 9080685696664081739}
  m_LocalRotation: {x: 3.637979e-12, y: 0.00000047683693, z: -3.1170812e-19, w: 1}
  m_LocalPosition: {x: -0.0008996417, y: 0.0033996864, z: 0.0004600379}
  m_LocalScale: {x: 1, y: 1, z: 1}
  m_Children: []
  m_Father: {fileID: 6180967673215124940}
  m_RootOrder: 4
  m_LocalEulerAnglesHint: {x: 0, y: 0, z: 0}
--- !u!1 &9183182421069755027
GameObject:
  m_ObjectHideFlags: 0
  m_CorrespondingSourceObject: {fileID: 0}
  m_PrefabInstance: {fileID: 0}
  m_PrefabAsset: {fileID: 0}
  serializedVersion: 6
  m_Component:
  - component: {fileID: 4546630383049052538}
  m_Layer: 0
  m_Name: elbowIK.L
  m_TagString: Untagged
  m_Icon: {fileID: 0}
  m_NavMeshLayer: 0
  m_StaticEditorFlags: 0
  m_IsActive: 1
--- !u!4 &4546630383049052538
Transform:
  m_ObjectHideFlags: 0
  m_CorrespondingSourceObject: {fileID: 0}
  m_PrefabInstance: {fileID: 0}
  m_PrefabAsset: {fileID: 0}
  m_GameObject: {fileID: 9183182421069755027}
  m_LocalRotation: {x: -3.4951355e-17, y: 0.93235165, z: 3.4951355e-17, w: -0.36155272}
  m_LocalPosition: {x: -0.026876599, y: 0.015169222, z: 0.04589073}
  m_LocalScale: {x: 0.99999994, y: 0.9999997, z: 0.99999994}
  m_Children: []
  m_Father: {fileID: 3934623674483891301}
  m_RootOrder: 1
  m_LocalEulerAnglesHint: {x: 0, y: 0, z: 0}
