%YAML 1.1
%TAG !u! tag:unity3d.com,2011:
--- !u!1 &77923851787559484
GameObject:
  m_ObjectHideFlags: 0
  m_CorrespondingSourceObject: {fileID: 0}
  m_PrefabInstance: {fileID: 0}
  m_PrefabAsset: {fileID: 0}
  serializedVersion: 6
  m_Component:
  - component: {fileID: 7458256390951109627}
  m_Layer: 0
  m_Name: eye.R
  m_TagString: Untagged
  m_Icon: {fileID: 0}
  m_NavMeshLayer: 0
  m_StaticEditorFlags: 0
  m_IsActive: 1
--- !u!4 &7458256390951109627
Transform:
  m_ObjectHideFlags: 0
  m_CorrespondingSourceObject: {fileID: 0}
  m_PrefabInstance: {fileID: 0}
  m_PrefabAsset: {fileID: 0}
  m_GameObject: {fileID: 77923851787559484}
  m_LocalRotation: {x: 0.03737524, y: 0.9993013, z: 0.00003123645, w: -0.0000024860437}
  m_LocalPosition: {x: -1.2495929e-10, y: 0.0012004443, z: -0.000000007973054}
  m_LocalScale: {x: 0.99999994, y: 0.9999998, z: 0.9999999}
  m_Children: []
  m_Father: {fileID: 2337603129376586450}
  m_RootOrder: 3
  m_LocalEulerAnglesHint: {x: 0, y: 0, z: 0}
--- !u!1 &184868061441976461
GameObject:
  m_ObjectHideFlags: 0
  m_CorrespondingSourceObject: {fileID: 0}
  m_PrefabInstance: {fileID: 0}
  m_PrefabAsset: {fileID: 0}
  serializedVersion: 6
  m_Component:
  - component: {fileID: 2987311414611226273}
  m_Layer: 0
  m_Name: head
  m_TagString: Untagged
  m_Icon: {fileID: 0}
  m_NavMeshLayer: 0
  m_StaticEditorFlags: 0
  m_IsActive: 1
--- !u!4 &2987311414611226273
Transform:
  m_ObjectHideFlags: 0
  m_CorrespondingSourceObject: {fileID: 0}
  m_PrefabInstance: {fileID: 0}
  m_PrefabAsset: {fileID: 0}
  m_GameObject: {fileID: 184868061441976461}
  m_LocalRotation: {x: 0.6381534, y: 0.00000003365558, z: -0.00000012425664, w: 0.76990926}
  m_LocalPosition: {x: -2.842171e-16, y: 0.0063102255, z: -5.960462e-10}
  m_LocalScale: {x: 0.9999999, y: 0.9999999, z: 0.9999999}
  m_Children:
  - {fileID: 7841176378156993122}
  - {fileID: 4085615884473820164}
  - {fileID: 2791390442416076003}
  - {fileID: 4856057760562353848}
  - {fileID: 5675349820936493430}
  - {fileID: 2337603129376586450}
  - {fileID: 7151381759231695749}
  - {fileID: 5580410198025243808}
  - {fileID: 1949485133369942895}
  - {fileID: 1664005473403054546}
  m_Father: {fileID: 2507618134144490373}
  m_RootOrder: 0
  m_LocalEulerAnglesHint: {x: 0, y: 0, z: 0}
--- !u!1 &424921924645166041
GameObject:
  m_ObjectHideFlags: 0
  m_CorrespondingSourceObject: {fileID: 0}
  m_PrefabInstance: {fileID: 0}
  m_PrefabAsset: {fileID: 0}
  serializedVersion: 6
  m_Component:
  - component: {fileID: 4422301103838818956}
  m_Layer: 0
  m_Name: middle2.R
  m_TagString: Untagged
  m_Icon: {fileID: 0}
  m_NavMeshLayer: 0
  m_StaticEditorFlags: 0
  m_IsActive: 1
--- !u!4 &4422301103838818956
Transform:
  m_ObjectHideFlags: 0
  m_CorrespondingSourceObject: {fileID: 0}
  m_PrefabInstance: {fileID: 0}
  m_PrefabAsset: {fileID: 0}
  m_GameObject: {fileID: 424921924645166041}
  m_LocalRotation: {x: -0.017039834, y: -0.00005306484, z: 0.0010368258, w: 0.9998543}
  m_LocalPosition: {x: 0.0000000032875687, y: 0.003593142, z: -2.8871e-10}
  m_LocalScale: {x: 1, y: 1.0000001, z: 0.99999994}
  m_Children:
  - {fileID: 8052907574133586629}
  m_Father: {fileID: 1373777814192689582}
  m_RootOrder: 0
  m_LocalEulerAnglesHint: {x: 0, y: 0, z: 0}
--- !u!1 &607331718234051555
GameObject:
  m_ObjectHideFlags: 0
  m_CorrespondingSourceObject: {fileID: 0}
  m_PrefabInstance: {fileID: 0}
  m_PrefabAsset: {fileID: 0}
  serializedVersion: 6
  m_Component:
  - component: {fileID: 1664005473403054546}
  m_Layer: 0
  m_Name: nose2.R
  m_TagString: Untagged
  m_Icon: {fileID: 0}
  m_NavMeshLayer: 0
  m_StaticEditorFlags: 0
  m_IsActive: 1
--- !u!4 &1664005473403054546
Transform:
  m_ObjectHideFlags: 0
  m_CorrespondingSourceObject: {fileID: 0}
  m_PrefabInstance: {fileID: 0}
  m_PrefabAsset: {fileID: 0}
  m_GameObject: {fileID: 607331718234051555}
  m_LocalRotation: {x: 6.00903e-17, y: 1, z: -3.63804e-12, w: -0.00000031391647}
  m_LocalPosition: {x: 0.0016420437, y: 0.009784369, z: -0.0035508825}
  m_LocalScale: {x: 1, y: 1, z: 1}
  m_Children: []
  m_Father: {fileID: 2987311414611226273}
  m_RootOrder: 9
  m_LocalEulerAnglesHint: {x: 0, y: 0, z: 0}
--- !u!1 &712546937957304564
GameObject:
  m_ObjectHideFlags: 0
  m_CorrespondingSourceObject: {fileID: 0}
  m_PrefabInstance: {fileID: 0}
  m_PrefabAsset: {fileID: 0}
  serializedVersion: 6
  m_Component:
  - component: {fileID: 6132553429875269617}
  m_Layer: 0
  m_Name: mouth1.L
  m_TagString: Untagged
  m_Icon: {fileID: 0}
  m_NavMeshLayer: 0
  m_StaticEditorFlags: 0
  m_IsActive: 1
--- !u!4 &6132553429875269617
Transform:
  m_ObjectHideFlags: 0
  m_CorrespondingSourceObject: {fileID: 0}
  m_PrefabInstance: {fileID: 0}
  m_PrefabAsset: {fileID: 0}
  m_GameObject: {fileID: 712546937957304564}
  m_LocalRotation: {x: 1.8189894e-12, y: -2.5579538e-13, z: 1.409463e-18, w: 1}
  m_LocalPosition: {x: 0.0022271343, y: 0.001879843, z: -0.000059871312}
  m_LocalScale: {x: 1, y: 0.9999999, z: 1}
  m_Children: []
  m_Father: {fileID: 7151381759231695749}
  m_RootOrder: 1
  m_LocalEulerAnglesHint: {x: 0, y: 0, z: 0}
--- !u!1 &1027393436020637195
GameObject:
  m_ObjectHideFlags: 0
  m_CorrespondingSourceObject: {fileID: 0}
  m_PrefabInstance: {fileID: 0}
  m_PrefabAsset: {fileID: 0}
  serializedVersion: 6
  m_Component:
  - component: {fileID: 5632841077142167010}
  m_Layer: 0
  m_Name: elbowIK.L
  m_TagString: Untagged
  m_Icon: {fileID: 0}
  m_NavMeshLayer: 0
  m_StaticEditorFlags: 0
  m_IsActive: 1
--- !u!4 &5632841077142167010
Transform:
  m_ObjectHideFlags: 0
  m_CorrespondingSourceObject: {fileID: 0}
  m_PrefabInstance: {fileID: 0}
  m_PrefabAsset: {fileID: 0}
  m_GameObject: {fileID: 1027393436020637195}
  m_LocalRotation: {x: -3.4951355e-17, y: 0.93235165, z: 3.4951355e-17, w: -0.36155272}
  m_LocalPosition: {x: -0.026876599, y: 0.015169222, z: 0.04589073}
  m_LocalScale: {x: 0.99999994, y: 0.9999997, z: 0.99999994}
  m_Children: []
  m_Father: {fileID: 5163843447963963645}
  m_RootOrder: 1
  m_LocalEulerAnglesHint: {x: 0, y: 0, z: 0}
--- !u!1 &1169626607524834194
GameObject:
  m_ObjectHideFlags: 0
  m_CorrespondingSourceObject: {fileID: 0}
  m_PrefabInstance: {fileID: 0}
  m_PrefabAsset: {fileID: 0}
  serializedVersion: 6
  m_Component:
  - component: {fileID: 5675349820936493430}
  m_Layer: 0
  m_Name: eyesocket.L
  m_TagString: Untagged
  m_Icon: {fileID: 0}
  m_NavMeshLayer: 0
  m_StaticEditorFlags: 0
  m_IsActive: 1
--- !u!4 &5675349820936493430
Transform:
  m_ObjectHideFlags: 0
  m_CorrespondingSourceObject: {fileID: 0}
  m_PrefabInstance: {fileID: 0}
  m_PrefabAsset: {fileID: 0}
  m_GameObject: {fileID: 1169626607524834194}
  m_LocalRotation: {x: -6.0523985e-17, y: 1, z: -3.63804e-12, w: 0.00000019470718}
  m_LocalPosition: {x: -0.0037228095, y: 0.0057579377, z: -0.0063735917}
  m_LocalScale: {x: 1, y: 1, z: 1}
  m_Children:
  - {fileID: 9167339960867489270}
  - {fileID: 5088044002084743873}
  - {fileID: 993925449377933960}
  - {fileID: 2998254261487044581}
  - {fileID: 5676694155814340565}
  - {fileID: 2178762030436723336}
  m_Father: {fileID: 2987311414611226273}
  m_RootOrder: 4
  m_LocalEulerAnglesHint: {x: 0, y: 0, z: 0}
--- !u!1 &1268493843943809158
GameObject:
  m_ObjectHideFlags: 0
  m_CorrespondingSourceObject: {fileID: 0}
  m_PrefabInstance: {fileID: 0}
  m_PrefabAsset: {fileID: 0}
  serializedVersion: 6
  m_Component:
  - component: {fileID: 759146778903259813}
  m_Layer: 0
  m_Name: ring2.R
  m_TagString: Untagged
  m_Icon: {fileID: 0}
  m_NavMeshLayer: 0
  m_StaticEditorFlags: 0
  m_IsActive: 1
--- !u!4 &759146778903259813
Transform:
  m_ObjectHideFlags: 0
  m_CorrespondingSourceObject: {fileID: 0}
  m_PrefabInstance: {fileID: 0}
  m_PrefabAsset: {fileID: 0}
  m_GameObject: {fileID: 1268493843943809158}
  m_LocalRotation: {x: -0.001919614, y: 0.00011080144, z: 0.014516413, w: 0.99989283}
  m_LocalPosition: {x: 0.000000007580965, y: 0.0033418834, z: 2.0489097e-10}
  m_LocalScale: {x: 0.99999994, y: 1, z: 1}
  m_Children:
  - {fileID: 6153078218333496147}
  m_Father: {fileID: 5327733997300296062}
  m_RootOrder: 0
  m_LocalEulerAnglesHint: {x: 0, y: 0, z: 0}
--- !u!1 &1341406987486278094
GameObject:
  m_ObjectHideFlags: 0
  m_CorrespondingSourceObject: {fileID: 0}
  m_PrefabInstance: {fileID: 0}
  m_PrefabAsset: {fileID: 0}
  serializedVersion: 6
  m_Component:
  - component: {fileID: 8376447094752213439}
  m_Layer: 0
  m_Name: toe.R
  m_TagString: Untagged
  m_Icon: {fileID: 0}
  m_NavMeshLayer: 0
  m_StaticEditorFlags: 0
  m_IsActive: 1
--- !u!4 &8376447094752213439
Transform:
  m_ObjectHideFlags: 0
  m_CorrespondingSourceObject: {fileID: 0}
  m_PrefabInstance: {fileID: 0}
  m_PrefabAsset: {fileID: 0}
  m_GameObject: {fileID: 1341406987486278094}
  m_LocalRotation: {x: 0.05550827, y: -0.044426456, z: -0.0030278363, w: 0.9974648}
  m_LocalPosition: {x: -4.2840836e-10, y: 0.009753978, z: -0.0000000033108516}
  m_LocalScale: {x: 0.99999994, y: 1, z: 1.0000001}
  m_Children: []
  m_Father: {fileID: 4704832352117381493}
  m_RootOrder: 0
  m_LocalEulerAnglesHint: {x: 0, y: 0, z: 0}
--- !u!1 &1365824364156624489
GameObject:
  m_ObjectHideFlags: 0
  m_CorrespondingSourceObject: {fileID: 0}
  m_PrefabInstance: {fileID: 0}
  m_PrefabAsset: {fileID: 0}
  serializedVersion: 6
  m_Component:
  - component: {fileID: 3561896589005457330}
  m_Layer: 0
  m_Name: pinky2.R
  m_TagString: Untagged
  m_Icon: {fileID: 0}
  m_NavMeshLayer: 0
  m_StaticEditorFlags: 0
  m_IsActive: 1
--- !u!4 &3561896589005457330
Transform:
  m_ObjectHideFlags: 0
  m_CorrespondingSourceObject: {fileID: 0}
  m_PrefabInstance: {fileID: 0}
  m_PrefabAsset: {fileID: 0}
  m_GameObject: {fileID: 1365824364156624489}
  m_LocalRotation: {x: -0.00090875395, y: 0.000061056846, z: 0.010857415, w: 0.99994063}
  m_LocalPosition: {x: -0.000000002027955, y: 0.002416588, z: 2.7939676e-10}
  m_LocalScale: {x: 0.9999998, y: 0.9999999, z: 0.99999994}
  m_Children:
  - {fileID: 6480356987452692859}
  m_Father: {fileID: 2106402438435757609}
  m_RootOrder: 0
  m_LocalEulerAnglesHint: {x: 0, y: 0, z: 0}
--- !u!1 &1424901143792864565
GameObject:
  m_ObjectHideFlags: 0
  m_CorrespondingSourceObject: {fileID: 0}
  m_PrefabInstance: {fileID: 0}
  m_PrefabAsset: {fileID: 0}
  serializedVersion: 6
  m_Component:
  - component: {fileID: 3105942097100765796}
  m_Layer: 0
  m_Name: footIK.R
  m_TagString: Untagged
  m_Icon: {fileID: 0}
  m_NavMeshLayer: 0
  m_StaticEditorFlags: 0
  m_IsActive: 1
--- !u!4 &3105942097100765796
Transform:
  m_ObjectHideFlags: 0
  m_CorrespondingSourceObject: {fileID: 0}
  m_PrefabInstance: {fileID: 0}
  m_PrefabAsset: {fileID: 0}
  m_GameObject: {fileID: 1424901143792864565}
  m_LocalRotation: {x: 0.00024502995, y: 0.998783, z: 0.049067277, w: 0.004983745}
  m_LocalPosition: {x: 0.0059370794, y: 0.003082624, z: -0.004008285}
  m_LocalScale: {x: 1, y: 1.0000001, z: 1}
  m_Children: []
  m_Father: {fileID: 9147179360004999005}
  m_RootOrder: 2
  m_LocalEulerAnglesHint: {x: 0, y: 0, z: 0}
--- !u!1 &1481469015488659735
GameObject:
  m_ObjectHideFlags: 0
  m_CorrespondingSourceObject: {fileID: 0}
  m_PrefabInstance: {fileID: 0}
  m_PrefabAsset: {fileID: 0}
  serializedVersion: 6
  m_Component:
  - component: {fileID: 5676694155814340565}
  m_Layer: 0
  m_Name: lid1.L
  m_TagString: Untagged
  m_Icon: {fileID: 0}
  m_NavMeshLayer: 0
  m_StaticEditorFlags: 0
  m_IsActive: 1
--- !u!4 &5676694155814340565
Transform:
  m_ObjectHideFlags: 0
  m_CorrespondingSourceObject: {fileID: 0}
  m_PrefabInstance: {fileID: 0}
  m_PrefabAsset: {fileID: 0}
  m_GameObject: {fileID: 1481469015488659735}
  m_LocalRotation: {x: 0.31063002, y: -0.00000029838736, z: -0.00000024563195, w: 0.95053095}
  m_LocalPosition: {x: 3.890141e-10, y: 0.0012004442, z: -0.0004973589}
  m_LocalScale: {x: 0.9999999, y: 0.99999994, z: 1}
  m_Children: []
  m_Father: {fileID: 5675349820936493430}
  m_RootOrder: 4
  m_LocalEulerAnglesHint: {x: 0, y: 0, z: 0}
--- !u!1 &1636967400972191734
GameObject:
  m_ObjectHideFlags: 0
  m_CorrespondingSourceObject: {fileID: 0}
  m_PrefabInstance: {fileID: 0}
  m_PrefabAsset: {fileID: 0}
  serializedVersion: 6
  m_Component:
  - component: {fileID: 7898088629381345889}
  m_Layer: 0
  m_Name: middle2.L
  m_TagString: Untagged
  m_Icon: {fileID: 0}
  m_NavMeshLayer: 0
  m_StaticEditorFlags: 0
  m_IsActive: 1
--- !u!4 &7898088629381345889
Transform:
  m_ObjectHideFlags: 0
  m_CorrespondingSourceObject: {fileID: 0}
  m_PrefabInstance: {fileID: 0}
  m_PrefabAsset: {fileID: 0}
  m_GameObject: {fileID: 1636967400972191734}
  m_LocalRotation: {x: -0.017039828, y: 0.00005306437, z: -0.0010368176, w: 0.9998543}
  m_LocalPosition: {x: 6.705522e-10, y: 0.003593142, z: 1.3969838e-10}
  m_LocalScale: {x: 0.9999999, y: 0.9999999, z: 1}
  m_Children:
  - {fileID: 1724336035126912623}
  m_Father: {fileID: 9116773986851972718}
  m_RootOrder: 0
  m_LocalEulerAnglesHint: {x: 0, y: 0, z: 0}
--- !u!1 &1659354079149367966
GameObject:
  m_ObjectHideFlags: 0
  m_CorrespondingSourceObject: {fileID: 0}
  m_PrefabInstance: {fileID: 0}
  m_PrefabAsset: {fileID: 0}
  serializedVersion: 6
  m_Component:
  - component: {fileID: 1236049341688903937}
  m_Layer: 0
  m_Name: hip.R
  m_TagString: Untagged
  m_Icon: {fileID: 0}
  m_NavMeshLayer: 0
  m_StaticEditorFlags: 0
  m_IsActive: 1
--- !u!4 &1236049341688903937
Transform:
  m_ObjectHideFlags: 0
  m_CorrespondingSourceObject: {fileID: 0}
  m_PrefabInstance: {fileID: 0}
  m_PrefabAsset: {fileID: 0}
  m_GameObject: {fileID: 1659354079149367966}
  m_LocalRotation: {x: -0.008985177, y: 0.11936059, z: 0.992808, w: 0.0021627147}
  m_LocalPosition: {x: 0.0065529495, y: -0.005393685, z: 0.0012667638}
  m_LocalScale: {x: 0.99999994, y: 0.99999976, z: 0.9999962}
  m_Children:
  - {fileID: 7045618064841055931}
  m_Father: {fileID: 1759332135265256155}
  m_RootOrder: 1
  m_LocalEulerAnglesHint: {x: 0, y: 0, z: 0}
--- !u!1 &1726960340411136525
GameObject:
  m_ObjectHideFlags: 0
  m_CorrespondingSourceObject: {fileID: 0}
  m_PrefabInstance: {fileID: 0}
  m_PrefabAsset: {fileID: 0}
  serializedVersion: 6
  m_Component:
  - component: {fileID: 5888696225815526071}
  m_Layer: 0
  m_Name: ring2.L
  m_TagString: Untagged
  m_Icon: {fileID: 0}
  m_NavMeshLayer: 0
  m_StaticEditorFlags: 0
  m_IsActive: 1
--- !u!4 &5888696225815526071
Transform:
  m_ObjectHideFlags: 0
  m_CorrespondingSourceObject: {fileID: 0}
  m_PrefabInstance: {fileID: 0}
  m_PrefabAsset: {fileID: 0}
  m_GameObject: {fileID: 1726960340411136525}
  m_LocalRotation: {x: -0.0019195997, y: -0.00011079496, z: -0.01451648, w: 0.99989283}
  m_LocalPosition: {x: -0.0000000026123597, y: 0.003341887, z: -1.0244548e-10}
  m_LocalScale: {x: 0.99999994, y: 0.99999994, z: 0.99999994}
  m_Children:
  - {fileID: 1682724917303737959}
  m_Father: {fileID: 1172486857644041215}
  m_RootOrder: 0
  m_LocalEulerAnglesHint: {x: 0, y: 0, z: 0}
--- !u!1 &1839213330238912246
GameObject:
  m_ObjectHideFlags: 0
  m_CorrespondingSourceObject: {fileID: 0}
  m_PrefabInstance: {fileID: 0}
  m_PrefabAsset: {fileID: 0}
  serializedVersion: 6
  m_Component:
  - component: {fileID: 4856057760562353848}
  m_Layer: 0
  m_Name: cheek2.R
  m_TagString: Untagged
  m_Icon: {fileID: 0}
  m_NavMeshLayer: 0
  m_StaticEditorFlags: 0
  m_IsActive: 1
--- !u!4 &4856057760562353848
Transform:
  m_ObjectHideFlags: 0
  m_CorrespondingSourceObject: {fileID: 0}
  m_PrefabInstance: {fileID: 0}
  m_PrefabAsset: {fileID: 0}
  m_GameObject: {fileID: 1839213330238912246}
  m_LocalRotation: {x: 6.00903e-17, y: 1, z: -3.63804e-12, w: -0.00000031391647}
  m_LocalPosition: {x: 0.0050435057, y: 0.008830926, z: -0.0029888016}
  m_LocalScale: {x: 1, y: 1, z: 1}
  m_Children: []
  m_Father: {fileID: 2987311414611226273}
  m_RootOrder: 3
  m_LocalEulerAnglesHint: {x: 0, y: 0, z: 0}
--- !u!1 &1995956283880948984
GameObject:
  m_ObjectHideFlags: 0
  m_CorrespondingSourceObject: {fileID: 0}
  m_PrefabInstance: {fileID: 0}
  m_PrefabAsset: {fileID: 0}
  serializedVersion: 6
  m_Component:
  - component: {fileID: 5327733997300296062}
  m_Layer: 0
  m_Name: ring1.R
  m_TagString: Untagged
  m_Icon: {fileID: 0}
  m_NavMeshLayer: 0
  m_StaticEditorFlags: 0
  m_IsActive: 1
--- !u!4 &5327733997300296062
Transform:
  m_ObjectHideFlags: 0
  m_CorrespondingSourceObject: {fileID: 0}
  m_PrefabInstance: {fileID: 0}
  m_PrefabAsset: {fileID: 0}
  m_GameObject: {fileID: 1995956283880948984}
  m_LocalRotation: {x: -0.05179802, y: -0.007533956, z: -0.09288985, w: 0.9942996}
  m_LocalPosition: {x: 0.0010362411, y: 0.009128813, z: -0.0023752078}
  m_LocalScale: {x: 1, y: 1, z: 1}
  m_Children:
  - {fileID: 759146778903259813}
  m_Father: {fileID: 6913929524479500649}
  m_RootOrder: 3
  m_LocalEulerAnglesHint: {x: 0, y: 0, z: 0}
--- !u!1 &2209500875589280027
GameObject:
  m_ObjectHideFlags: 0
  m_CorrespondingSourceObject: {fileID: 0}
  m_PrefabInstance: {fileID: 0}
  m_PrefabAsset: {fileID: 0}
  serializedVersion: 6
  m_Component:
  - component: {fileID: 7661809496076764042}
  m_Layer: 0
  m_Name: mouth3.L
  m_TagString: Untagged
  m_Icon: {fileID: 0}
  m_NavMeshLayer: 0
  m_StaticEditorFlags: 0
  m_IsActive: 1
--- !u!4 &7661809496076764042
Transform:
  m_ObjectHideFlags: 0
  m_CorrespondingSourceObject: {fileID: 0}
  m_PrefabInstance: {fileID: 0}
  m_PrefabAsset: {fileID: 0}
  m_GameObject: {fileID: 2209500875589280027}
  m_LocalRotation: {x: -0.00000018503904, y: 0.97498554, z: -0.22226842, w: -0.00000015751911}
  m_LocalPosition: {x: -0.00095710275, y: 0.00851572, z: -0.0023708823}
  m_LocalScale: {x: 1, y: 0.9999998, z: 0.9999998}
  m_Children: []
  m_Father: {fileID: 4336569361545065269}
  m_RootOrder: 1
  m_LocalEulerAnglesHint: {x: 0, y: 0, z: 0}
--- !u!1 &2388815771975089912
GameObject:
  m_ObjectHideFlags: 0
  m_CorrespondingSourceObject: {fileID: 0}
  m_PrefabInstance: {fileID: 0}
  m_PrefabAsset: {fileID: 0}
  serializedVersion: 6
  m_Component:
  - component: {fileID: 6562399187251029953}
  m_Layer: 0
  m_Name: pinky1.L
  m_TagString: Untagged
  m_Icon: {fileID: 0}
  m_NavMeshLayer: 0
  m_StaticEditorFlags: 0
  m_IsActive: 1
--- !u!4 &6562399187251029953
Transform:
  m_ObjectHideFlags: 0
  m_CorrespondingSourceObject: {fileID: 0}
  m_PrefabInstance: {fileID: 0}
  m_PrefabAsset: {fileID: 0}
  m_GameObject: {fileID: 2388815771975089912}
  m_LocalRotation: {x: -0.059950203, y: 0.00811293, z: 0.12033504, w: 0.9908883}
  m_LocalPosition: {x: -0.0010632069, y: 0.008704706, z: -0.0037942915}
  m_LocalScale: {x: 1, y: 1, z: 1.0000001}
  m_Children:
  - {fileID: 170486134610033648}
  m_Father: {fileID: 8582433467932951046}
  m_RootOrder: 1
  m_LocalEulerAnglesHint: {x: 0, y: 0, z: 0}
--- !u!1 &2418480067020440094
GameObject:
  m_ObjectHideFlags: 0
  m_CorrespondingSourceObject: {fileID: 0}
  m_PrefabInstance: {fileID: 0}
  m_PrefabAsset: {fileID: 0}
  serializedVersion: 6
  m_Component:
  - component: {fileID: 6913929524479500649}
  m_Layer: 0
  m_Name: hand.R
  m_TagString: Untagged
  m_Icon: {fileID: 0}
  m_NavMeshLayer: 0
  m_StaticEditorFlags: 0
  m_IsActive: 1
--- !u!4 &6913929524479500649
Transform:
  m_ObjectHideFlags: 0
  m_CorrespondingSourceObject: {fileID: 0}
  m_PrefabInstance: {fileID: 0}
  m_PrefabAsset: {fileID: 0}
  m_GameObject: {fileID: 2418480067020440094}
  m_LocalRotation: {x: 0.028753359, y: 0.046090193, z: 0.040885586, w: 0.99768597}
  m_LocalPosition: {x: 8.1956386e-10, y: 0.02049805, z: 4.0978193e-10}
  m_LocalScale: {x: 0.9999999, y: 1, z: 1}
  m_Children:
  - {fileID: 1373777814192689582}
  - {fileID: 2106402438435757609}
  - {fileID: 1198639128940875725}
  - {fileID: 5327733997300296062}
  - {fileID: 6365282068157859778}
  m_Father: {fileID: 7023739240575684738}
  m_RootOrder: 0
  m_LocalEulerAnglesHint: {x: 0, y: 0, z: 0}
--- !u!1 &2596778017538318553
GameObject:
  m_ObjectHideFlags: 0
  m_CorrespondingSourceObject: {fileID: 0}
  m_PrefabInstance: {fileID: 0}
  m_PrefabAsset: {fileID: 0}
  serializedVersion: 6
  m_Component:
  - component: {fileID: 2094129459512269747}
  m_Layer: 0
  m_Name: mouth2.L
  m_TagString: Untagged
  m_Icon: {fileID: 0}
  m_NavMeshLayer: 0
  m_StaticEditorFlags: 0
  m_IsActive: 1
--- !u!4 &2094129459512269747
Transform:
  m_ObjectHideFlags: 0
  m_CorrespondingSourceObject: {fileID: 0}
  m_PrefabInstance: {fileID: 0}
  m_PrefabAsset: {fileID: 0}
  m_GameObject: {fileID: 2596778017538318553}
  m_LocalRotation: {x: 3.637979e-12, y: -2.5579538e-13, z: 5.556536e-19, w: 1}
  m_LocalPosition: {x: 0.0009198109, y: 0.0033996864, z: 0.0004600369}
  m_LocalScale: {x: 1, y: 1, z: 1}
  m_Children: []
  m_Father: {fileID: 7151381759231695749}
  m_RootOrder: 3
  m_LocalEulerAnglesHint: {x: 0, y: 0, z: 0}
--- !u!1 &2739146862572681123
GameObject:
  m_ObjectHideFlags: 0
  m_CorrespondingSourceObject: {fileID: 0}
  m_PrefabInstance: {fileID: 0}
  m_PrefabAsset: {fileID: 0}
  serializedVersion: 6
  m_Component:
  - component: {fileID: 2337603129376586450}
  m_Layer: 0
  m_Name: eyesocket.R
  m_TagString: Untagged
  m_Icon: {fileID: 0}
  m_NavMeshLayer: 0
  m_StaticEditorFlags: 0
  m_IsActive: 1
--- !u!4 &2337603129376586450
Transform:
  m_ObjectHideFlags: 0
  m_CorrespondingSourceObject: {fileID: 0}
  m_PrefabInstance: {fileID: 0}
  m_PrefabAsset: {fileID: 0}
  m_GameObject: {fileID: 2739146862572681123}
  m_LocalRotation: {x: 6.00903e-17, y: 1, z: -3.63804e-12, w: -0.00000031391647}
  m_LocalPosition: {x: 0.00372281, y: 0.0057579377, z: -0.0063735833}
  m_LocalScale: {x: 1, y: 1, z: 1}
  m_Children:
  - {fileID: 2080554827589206292}
  - {fileID: 4129772914836551491}
  - {fileID: 4302402202060094543}
  - {fileID: 7458256390951109627}
  - {fileID: 6331689412532087631}
  - {fileID: 6056607393858694180}
  m_Father: {fileID: 2987311414611226273}
  m_RootOrder: 5
  m_LocalEulerAnglesHint: {x: 0, y: 0, z: 0}
--- !u!1 &2830582148722664093
GameObject:
  m_ObjectHideFlags: 0
  m_CorrespondingSourceObject: {fileID: 0}
  m_PrefabInstance: {fileID: 0}
  m_PrefabAsset: {fileID: 0}
  serializedVersion: 6
  m_Component:
  - component: {fileID: 6056607393858694180}
  m_Layer: 0
  m_Name: lid2.R
  m_TagString: Untagged
  m_Icon: {fileID: 0}
  m_NavMeshLayer: 0
  m_StaticEditorFlags: 0
  m_IsActive: 1
--- !u!4 &6056607393858694180
Transform:
  m_ObjectHideFlags: 0
  m_CorrespondingSourceObject: {fileID: 0}
  m_PrefabInstance: {fileID: 0}
  m_PrefabAsset: {fileID: 0}
  m_GameObject: {fileID: 2830582148722664093}
  m_LocalRotation: {x: -0.36439928, y: 0.00000026273213, z: -0.00000029973307, w: 0.9312428}
  m_LocalPosition: {x: -3.6957695e-10, y: 0.001200444, z: 0.00051300204}
  m_LocalScale: {x: 0.9999999, y: 0.99999976, z: 0.9999999}
  m_Children: []
  m_Father: {fileID: 2337603129376586450}
  m_RootOrder: 5
  m_LocalEulerAnglesHint: {x: 0, y: 0, z: 0}
--- !u!1 &2857706475212157564
GameObject:
  m_ObjectHideFlags: 0
  m_CorrespondingSourceObject: {fileID: 0}
  m_PrefabInstance: {fileID: 0}
  m_PrefabAsset: {fileID: 0}
  serializedVersion: 6
  m_Component:
  - component: {fileID: 2758606311180726512}
  m_Layer: 0
  m_Name: coreIK.001
  m_TagString: Untagged
  m_Icon: {fileID: 0}
  m_NavMeshLayer: 0
  m_StaticEditorFlags: 0
  m_IsActive: 1
--- !u!4 &2758606311180726512
Transform:
  m_ObjectHideFlags: 0
  m_CorrespondingSourceObject: {fileID: 0}
  m_PrefabInstance: {fileID: 0}
  m_PrefabAsset: {fileID: 0}
  m_GameObject: {fileID: 2857706475212157564}
  m_LocalRotation: {x: 0.43837526, y: -0.00000010714447, z: -0.00000005225861, w: 0.8987921}
  m_LocalPosition: {x: -1.7091874e-15, y: 0.0070198495, z: 0.0223129}
  m_LocalScale: {x: 1, y: 1, z: 1}
  m_Children: []
  m_Father: {fileID: 4642947886290235494}
  m_RootOrder: 0
  m_LocalEulerAnglesHint: {x: 0, y: 0, z: 0}
--- !u!1 &2918510790485438386
GameObject:
  m_ObjectHideFlags: 0
  m_CorrespondingSourceObject: {fileID: 0}
  m_PrefabInstance: {fileID: 0}
  m_PrefabAsset: {fileID: 0}
  serializedVersion: 6
  m_Component:
  - component: {fileID: 8582433467932951046}
  m_Layer: 0
  m_Name: hand.L
  m_TagString: Untagged
  m_Icon: {fileID: 0}
  m_NavMeshLayer: 0
  m_StaticEditorFlags: 0
  m_IsActive: 1
--- !u!4 &8582433467932951046
Transform:
  m_ObjectHideFlags: 0
  m_CorrespondingSourceObject: {fileID: 0}
  m_PrefabInstance: {fileID: 0}
  m_PrefabAsset: {fileID: 0}
  m_GameObject: {fileID: 2918510790485438386}
  m_LocalRotation: {x: 0.028755102, y: -0.04608991, z: -0.040885415, w: 0.99768597}
  m_LocalPosition: {x: 0.000000004749745, y: 0.02049805, z: 2.2351741e-10}
  m_LocalScale: {x: 0.9999998, y: 0.99999994, z: 0.9999999}
  m_Children:
  - {fileID: 9116773986851972718}
  - {fileID: 6562399187251029953}
  - {fileID: 5284410653882449668}
  - {fileID: 1172486857644041215}
  - {fileID: 8852154635026592137}
  m_Father: {fileID: 2752324526731574369}
  m_RootOrder: 0
  m_LocalEulerAnglesHint: {x: 0, y: 0, z: 0}
--- !u!1 &3049580955625196729
GameObject:
  m_ObjectHideFlags: 0
  m_CorrespondingSourceObject: {fileID: 0}
  m_PrefabInstance: {fileID: 0}
  m_PrefabAsset: {fileID: 0}
  serializedVersion: 6
  m_Component:
  - component: {fileID: 6331689412532087631}
  m_Layer: 0
  m_Name: lid1.R
  m_TagString: Untagged
  m_Icon: {fileID: 0}
  m_NavMeshLayer: 0
  m_StaticEditorFlags: 0
  m_IsActive: 1
--- !u!4 &6331689412532087631
Transform:
  m_ObjectHideFlags: 0
  m_CorrespondingSourceObject: {fileID: 0}
  m_PrefabInstance: {fileID: 0}
  m_PrefabAsset: {fileID: 0}
  m_GameObject: {fileID: 3049580955625196729}
  m_LocalRotation: {x: 0.31063002, y: 0.00000026817375, z: 0.00000025550574, w: 0.95053095}
  m_LocalPosition: {x: 7.0823786e-10, y: 0.0012004477, z: -0.00049734913}
  m_LocalScale: {x: 0.9999999, y: 0.9999998, z: 0.9999999}
  m_Children: []
  m_Father: {fileID: 2337603129376586450}
  m_RootOrder: 4
  m_LocalEulerAnglesHint: {x: 0, y: 0, z: 0}
--- !u!1 &3112834554107690616
GameObject:
  m_ObjectHideFlags: 0
  m_CorrespondingSourceObject: {fileID: 0}
  m_PrefabInstance: {fileID: 0}
  m_PrefabAsset: {fileID: 0}
  serializedVersion: 6
  m_Component:
  - component: {fileID: 5580410198025243808}
  m_Layer: 0
  m_Name: nose
  m_TagString: Untagged
  m_Icon: {fileID: 0}
  m_NavMeshLayer: 0
  m_StaticEditorFlags: 0
  m_IsActive: 1
--- !u!4 &5580410198025243808
Transform:
  m_ObjectHideFlags: 0
  m_CorrespondingSourceObject: {fileID: 0}
  m_PrefabInstance: {fileID: 0}
  m_PrefabAsset: {fileID: 0}
  m_GameObject: {fileID: 3112834554107690616}
  m_LocalRotation: {x: -6.0523985e-17, y: 1, z: -3.63804e-12, w: 0.00000019470718}
  m_LocalPosition: {x: 0.0000100851385, y: 0.009737755, z: -0.0019680068}
  m_LocalScale: {x: 1, y: 1, z: 1}
  m_Children:
  - {fileID: 4188756770142443274}
  - {fileID: 4196372145607124668}
  m_Father: {fileID: 2987311414611226273}
  m_RootOrder: 7
  m_LocalEulerAnglesHint: {x: 0, y: 0, z: 0}
--- !u!1 &3253557093339484871
GameObject:
  m_ObjectHideFlags: 0
  m_CorrespondingSourceObject: {fileID: 0}
  m_PrefabInstance: {fileID: 0}
  m_PrefabAsset: {fileID: 0}
  serializedVersion: 6
  m_Component:
  - component: {fileID: 7841176378156993122}
  m_Layer: 0
  m_Name: cheek1.L
  m_TagString: Untagged
  m_Icon: {fileID: 0}
  m_NavMeshLayer: 0
  m_StaticEditorFlags: 0
  m_IsActive: 1
--- !u!4 &7841176378156993122
Transform:
  m_ObjectHideFlags: 0
  m_CorrespondingSourceObject: {fileID: 0}
  m_PrefabInstance: {fileID: 0}
  m_PrefabAsset: {fileID: 0}
  m_GameObject: {fileID: 3253557093339484871}
  m_LocalRotation: {x: -6.0523985e-17, y: 1, z: -3.63804e-12, w: 0.00000019470718}
  m_LocalPosition: {x: -0.003908493, y: 0.008714414, z: -0.0006436123}
  m_LocalScale: {x: 1, y: 1, z: 1}
  m_Children: []
  m_Father: {fileID: 2987311414611226273}
  m_RootOrder: 0
  m_LocalEulerAnglesHint: {x: 0, y: 0, z: 0}
--- !u!1 &3254330814220761039
GameObject:
  m_ObjectHideFlags: 0
  m_CorrespondingSourceObject: {fileID: 0}
  m_PrefabInstance: {fileID: 0}
  m_PrefabAsset: {fileID: 0}
  serializedVersion: 6
  m_Component:
  - component: {fileID: 4085615884473820164}
  m_Layer: 0
  m_Name: cheek1.R
  m_TagString: Untagged
  m_Icon: {fileID: 0}
  m_NavMeshLayer: 0
  m_StaticEditorFlags: 0
  m_IsActive: 1
--- !u!4 &4085615884473820164
Transform:
  m_ObjectHideFlags: 0
  m_CorrespondingSourceObject: {fileID: 0}
  m_PrefabInstance: {fileID: 0}
  m_PrefabAsset: {fileID: 0}
  m_GameObject: {fileID: 3254330814220761039}
  m_LocalRotation: {x: 6.00903e-17, y: 1, z: -3.63804e-12, w: -0.00000031391647}
  m_LocalPosition: {x: 0.003908495, y: 0.008714414, z: -0.00064361346}
  m_LocalScale: {x: 1, y: 1, z: 1}
  m_Children: []
  m_Father: {fileID: 2987311414611226273}
  m_RootOrder: 1
  m_LocalEulerAnglesHint: {x: 0, y: 0, z: 0}
--- !u!1 &3268159727780899280
GameObject:
  m_ObjectHideFlags: 0
  m_CorrespondingSourceObject: {fileID: 0}
  m_PrefabInstance: {fileID: 0}
  m_PrefabAsset: {fileID: 0}
  serializedVersion: 6
  m_Component:
  - component: {fileID: 1759332135265256155}
  m_Layer: 0
  m_Name: spine1
  m_TagString: Untagged
  m_Icon: {fileID: 0}
  m_NavMeshLayer: 0
  m_StaticEditorFlags: 0
  m_IsActive: 1
--- !u!4 &1759332135265256155
Transform:
  m_ObjectHideFlags: 0
  m_CorrespondingSourceObject: {fileID: 0}
  m_PrefabInstance: {fileID: 0}
  m_PrefabAsset: {fileID: 0}
  m_GameObject: {fileID: 3268159727780899280}
  m_LocalRotation: {x: 0.6373966, y: 0.0000000918549, z: 0.00000007598342, w: 0.77053595}
  m_LocalPosition: {x: -4.9014455e-15, y: 2.9802322e-10, z: -0.0000000010430813}
  m_LocalScale: {x: 1, y: 0.99999994, z: 1}
  m_Children:
  - {fileID: 622249843511162401}
  - {fileID: 1236049341688903937}
  - {fileID: 2002457030767952313}
  m_Father: {fileID: 4642947886290235494}
  m_RootOrder: 1
  m_LocalEulerAnglesHint: {x: 0, y: 0, z: 0}
--- !u!1 &3322907552468343024
GameObject:
  m_ObjectHideFlags: 0
  m_CorrespondingSourceObject: {fileID: 0}
  m_PrefabInstance: {fileID: 0}
  m_PrefabAsset: {fileID: 0}
  serializedVersion: 6
  m_Component:
  - component: {fileID: 8052907574133586629}
  m_Layer: 0
  m_Name: middle3.R
  m_TagString: Untagged
  m_Icon: {fileID: 0}
  m_NavMeshLayer: 0
  m_StaticEditorFlags: 0
  m_IsActive: 1
--- !u!4 &8052907574133586629
Transform:
  m_ObjectHideFlags: 0
  m_CorrespondingSourceObject: {fileID: 0}
  m_PrefabInstance: {fileID: 0}
  m_PrefabAsset: {fileID: 0}
  m_GameObject: {fileID: 3322907552468343024}
  m_LocalRotation: {x: 0.00662982, y: -0.00013423825, z: 0.010846815, w: 0.99991924}
  m_LocalPosition: {x: 6.519258e-10, y: 0.0025160513, z: -3.7252902e-11}
  m_LocalScale: {x: 0.99999964, y: 1, z: 0.9999998}
  m_Children: []
  m_Father: {fileID: 4422301103838818956}
  m_RootOrder: 0
  m_LocalEulerAnglesHint: {x: 0, y: 0, z: 0}
--- !u!1 &3468860968970854788
GameObject:
  m_ObjectHideFlags: 0
  m_CorrespondingSourceObject: {fileID: 0}
  m_PrefabInstance: {fileID: 0}
  m_PrefabAsset: {fileID: 0}
  serializedVersion: 6
  m_Component:
  - component: {fileID: 8852154635026592137}
  m_Layer: 0
  m_Name: thumb1.L
  m_TagString: Untagged
  m_Icon: {fileID: 0}
  m_NavMeshLayer: 0
  m_StaticEditorFlags: 0
  m_IsActive: 1
--- !u!4 &8852154635026592137
Transform:
  m_ObjectHideFlags: 0
  m_CorrespondingSourceObject: {fileID: 0}
  m_PrefabInstance: {fileID: 0}
  m_PrefabAsset: {fileID: 0}
  m_GameObject: {fileID: 3468860968970854788}
  m_LocalRotation: {x: 0.3355744, y: 0.031752057, z: 0.18655598, w: 0.92281014}
  m_LocalPosition: {x: -0.0022163806, y: 0.0037567073, z: 0.0031901735}
  m_LocalScale: {x: 1, y: 1, z: 1.0000001}
  m_Children:
  - {fileID: 5273799595135163310}
  m_Father: {fileID: 8582433467932951046}
  m_RootOrder: 4
  m_LocalEulerAnglesHint: {x: 0, y: 0, z: 0}
--- !u!1 &3504169115035124614
GameObject:
  m_ObjectHideFlags: 0
  m_CorrespondingSourceObject: {fileID: 0}
  m_PrefabInstance: {fileID: 0}
  m_PrefabAsset: {fileID: 0}
  serializedVersion: 6
  m_Component:
  - component: {fileID: 8043846077986341579}
  m_Layer: 0
  m_Name: pointer2.L
  m_TagString: Untagged
  m_Icon: {fileID: 0}
  m_NavMeshLayer: 0
  m_StaticEditorFlags: 0
  m_IsActive: 1
--- !u!4 &8043846077986341579
Transform:
  m_ObjectHideFlags: 0
  m_CorrespondingSourceObject: {fileID: 0}
  m_PrefabInstance: {fileID: 0}
  m_PrefabAsset: {fileID: 0}
  m_GameObject: {fileID: 3504169115035124614}
  m_LocalRotation: {x: -0.023529138, y: 0.0015277938, z: 0.025432304, w: 0.99939847}
  m_LocalPosition: {x: 6.519258e-10, y: 0.0029769023, z: 3.282912e-10}
  m_LocalScale: {x: 1, y: 0.9999998, z: 0.9999999}
  m_Children:
  - {fileID: 8976438858897693988}
  m_Father: {fileID: 5284410653882449668}
  m_RootOrder: 0
  m_LocalEulerAnglesHint: {x: 0, y: 0, z: 0}
--- !u!1 &3507851791118591684
GameObject:
  m_ObjectHideFlags: 0
  m_CorrespondingSourceObject: {fileID: 0}
  m_PrefabInstance: {fileID: 0}
  m_PrefabAsset: {fileID: 0}
  serializedVersion: 6
  m_Component:
  - component: {fileID: 6405886890976178210}
  m_Layer: 0
  m_Name: headTarget.001
  m_TagString: Untagged
  m_Icon: {fileID: 0}
  m_NavMeshLayer: 0
  m_StaticEditorFlags: 0
  m_IsActive: 1
--- !u!4 &6405886890976178210
Transform:
  m_ObjectHideFlags: 0
  m_CorrespondingSourceObject: {fileID: 0}
  m_PrefabInstance: {fileID: 0}
  m_PrefabAsset: {fileID: 0}
  m_GameObject: {fileID: 3507851791118591684}
  m_LocalRotation: {x: 0, y: 0.000002026558, z: -0, w: 1}
  m_LocalPosition: {x: -0.00000063035054, y: 0.060071144, z: -0.1497106}
  m_LocalScale: {x: 1, y: 1, z: 1}
  m_Children: []
  m_Father: {fileID: 9147179360004999005}
  m_RootOrder: 3
  m_LocalEulerAnglesHint: {x: 0, y: 0, z: 0}
--- !u!1 &3593279535786926758
GameObject:
  m_ObjectHideFlags: 0
  m_CorrespondingSourceObject: {fileID: 0}
  m_PrefabInstance: {fileID: 0}
  m_PrefabAsset: {fileID: 0}
  serializedVersion: 6
  m_Component:
  - component: {fileID: 4302402202060094543}
  m_Layer: 0
  m_Name: brow3.R
  m_TagString: Untagged
  m_Icon: {fileID: 0}
  m_NavMeshLayer: 0
  m_StaticEditorFlags: 0
  m_IsActive: 1
--- !u!4 &4302402202060094543
Transform:
  m_ObjectHideFlags: 0
  m_CorrespondingSourceObject: {fileID: 0}
  m_PrefabInstance: {fileID: 0}
  m_PrefabAsset: {fileID: 0}
  m_GameObject: {fileID: 3593279535786926758}
  m_LocalRotation: {x: 3.637979e-12, y: -0.00000003178579, z: -3.1170812e-19, w: 1}
  m_LocalPosition: {x: -0.002438612, y: 0.0026275301, z: 0.002048433}
  m_LocalScale: {x: 1, y: 1, z: 1}
  m_Children: []
  m_Father: {fileID: 2337603129376586450}
  m_RootOrder: 2
  m_LocalEulerAnglesHint: {x: 0, y: 0, z: 0}
--- !u!1 &3750434224321994555
GameObject:
  m_ObjectHideFlags: 0
  m_CorrespondingSourceObject: {fileID: 0}
  m_PrefabInstance: {fileID: 0}
  m_PrefabAsset: {fileID: 0}
  serializedVersion: 6
  m_Component:
  - component: {fileID: 4129772914836551491}
  m_Layer: 0
  m_Name: brow2.R
  m_TagString: Untagged
  m_Icon: {fileID: 0}
  m_NavMeshLayer: 0
  m_StaticEditorFlags: 0
  m_IsActive: 1
--- !u!4 &4129772914836551491
Transform:
  m_ObjectHideFlags: 0
  m_CorrespondingSourceObject: {fileID: 0}
  m_PrefabInstance: {fileID: 0}
  m_PrefabAsset: {fileID: 0}
  m_GameObject: {fileID: 3750434224321994555}
  m_LocalRotation: {x: 3.637979e-12, y: -0.00000003178579, z: -3.1170812e-19, w: 1}
  m_LocalPosition: {x: -0.0001950896, y: 0.0043836036, z: 0.002272246}
  m_LocalScale: {x: 1, y: 1, z: 1}
  m_Children: []
  m_Father: {fileID: 2337603129376586450}
  m_RootOrder: 1
  m_LocalEulerAnglesHint: {x: 0, y: 0, z: 0}
--- !u!1 &3911610538061757807
GameObject:
  m_ObjectHideFlags: 0
  m_CorrespondingSourceObject: {fileID: 0}
  m_PrefabInstance: {fileID: 0}
  m_PrefabAsset: {fileID: 0}
  serializedVersion: 6
  m_Component:
  - component: {fileID: 7151381759231695749}
  m_Layer: 0
  m_Name: mouth
  m_TagString: Untagged
  m_Icon: {fileID: 0}
  m_NavMeshLayer: 0
  m_StaticEditorFlags: 0
  m_IsActive: 1
--- !u!4 &7151381759231695749
Transform:
  m_ObjectHideFlags: 0
  m_CorrespondingSourceObject: {fileID: 0}
  m_PrefabInstance: {fileID: 0}
  m_PrefabAsset: {fileID: 0}
  m_GameObject: {fileID: 3911610538061757807}
  m_LocalRotation: {x: -6.0523985e-17, y: 1, z: -3.63804e-12, w: 0.00000019470718}
  m_LocalPosition: {x: 0.000010085339, y: 0.0066496716, z: 0.00033453523}
  m_LocalScale: {x: 1, y: 1, z: 1}
  m_Children:
  - {fileID: 4336569361545065269}
  - {fileID: 6132553429875269617}
  - {fileID: 7747729761184202402}
  - {fileID: 2094129459512269747}
  - {fileID: 7881215847858354840}
  m_Father: {fileID: 2987311414611226273}
  m_RootOrder: 6
  m_LocalEulerAnglesHint: {x: 0, y: 0, z: 0}
--- !u!1 &4244423241308746524
GameObject:
  m_ObjectHideFlags: 0
  m_CorrespondingSourceObject: {fileID: 0}
  m_PrefabInstance: {fileID: 0}
  m_PrefabAsset: {fileID: 0}
  serializedVersion: 6
  m_Component:
  - component: {fileID: 5090579122860039133}
  m_Layer: 0
  m_Name: pointer3.R
  m_TagString: Untagged
  m_Icon: {fileID: 0}
  m_NavMeshLayer: 0
  m_StaticEditorFlags: 0
  m_IsActive: 1
--- !u!4 &5090579122860039133
Transform:
  m_ObjectHideFlags: 0
  m_CorrespondingSourceObject: {fileID: 0}
  m_PrefabInstance: {fileID: 0}
  m_PrefabAsset: {fileID: 0}
  m_GameObject: {fileID: 4244423241308746524}
  m_LocalRotation: {x: 0.026612204, y: -0.000021712653, z: 0.0037733798, w: 0.99963874}
  m_LocalPosition: {x: 0.00000000949949, y: 0.002305347, z: -3.9115547e-10}
  m_LocalScale: {x: 0.9999999, y: 0.99999976, z: 0.9999998}
  m_Children: []
  m_Father: {fileID: 5788617896193783289}
  m_RootOrder: 0
  m_LocalEulerAnglesHint: {x: 0, y: 0, z: 0}
--- !u!1 &4298667230410177163
GameObject:
  m_ObjectHideFlags: 0
  m_CorrespondingSourceObject: {fileID: 0}
  m_PrefabInstance: {fileID: 0}
  m_PrefabAsset: {fileID: 0}
  serializedVersion: 6
  m_Component:
  - component: {fileID: 5788617896193783289}
  m_Layer: 0
  m_Name: pointer2.R
  m_TagString: Untagged
  m_Icon: {fileID: 0}
  m_NavMeshLayer: 0
  m_StaticEditorFlags: 0
  m_IsActive: 1
--- !u!4 &5788617896193783289
Transform:
  m_ObjectHideFlags: 0
  m_CorrespondingSourceObject: {fileID: 0}
  m_PrefabInstance: {fileID: 0}
  m_PrefabAsset: {fileID: 0}
  m_GameObject: {fileID: 4298667230410177163}
  m_LocalRotation: {x: -0.023529166, y: -0.0015277892, z: -0.025432374, w: 0.99939847}
  m_LocalPosition: {x: -0.000000008400529, y: 0.0029769097, z: -2.066372e-10}
  m_LocalScale: {x: 0.9999998, y: 0.99999976, z: 0.9999999}
  m_Children:
  - {fileID: 5090579122860039133}
  m_Father: {fileID: 1198639128940875725}
  m_RootOrder: 0
  m_LocalEulerAnglesHint: {x: 0, y: 0, z: 0}
--- !u!1 &4359637890746430277
GameObject:
  m_ObjectHideFlags: 0
  m_CorrespondingSourceObject: {fileID: 0}
  m_PrefabInstance: {fileID: 0}
  m_PrefabAsset: {fileID: 0}
  serializedVersion: 6
  m_Component:
  - component: {fileID: 6500274272854494175}
  m_Layer: 0
  m_Name: thumb3.R
  m_TagString: Untagged
  m_Icon: {fileID: 0}
  m_NavMeshLayer: 0
  m_StaticEditorFlags: 0
  m_IsActive: 1
--- !u!4 &6500274272854494175
Transform:
  m_ObjectHideFlags: 0
  m_CorrespondingSourceObject: {fileID: 0}
  m_PrefabInstance: {fileID: 0}
  m_PrefabAsset: {fileID: 0}
  m_GameObject: {fileID: 4359637890746430277}
  m_LocalRotation: {x: 0.046617046, y: -0.030142361, z: -0.05600299, w: 0.99688613}
  m_LocalPosition: {x: -7.0780515e-10, y: 0.0023788523, z: 0}
  m_LocalScale: {x: 1, y: 1, z: 1}
  m_Children: []
  m_Father: {fileID: 8474498854812400540}
  m_RootOrder: 0
  m_LocalEulerAnglesHint: {x: 0, y: 0, z: 0}
--- !u!1 &4454908224304502280
GameObject:
  m_ObjectHideFlags: 0
  m_CorrespondingSourceObject: {fileID: 0}
  m_PrefabInstance: {fileID: 0}
  m_PrefabAsset: {fileID: 0}
  serializedVersion: 6
  m_Component:
  - component: {fileID: 7262298411237283939}
  m_Layer: 0
  m_Name: thumb3.L
  m_TagString: Untagged
  m_Icon: {fileID: 0}
  m_NavMeshLayer: 0
  m_StaticEditorFlags: 0
  m_IsActive: 1
--- !u!4 &7262298411237283939
Transform:
  m_ObjectHideFlags: 0
  m_CorrespondingSourceObject: {fileID: 0}
  m_PrefabInstance: {fileID: 0}
  m_PrefabAsset: {fileID: 0}
  m_GameObject: {fileID: 4454908224304502280}
  m_LocalRotation: {x: 0.04661704, y: 0.030142363, z: 0.056003015, w: 0.99688613}
  m_LocalPosition: {x: -0.000000005736947, y: 0.0023788516, z: 0}
  m_LocalScale: {x: 0.99999994, y: 1.0000001, z: 0.9999998}
  m_Children: []
  m_Father: {fileID: 5273799595135163310}
  m_RootOrder: 0
  m_LocalEulerAnglesHint: {x: 0, y: 0, z: 0}
--- !u!1 &4505832277510467991
GameObject:
  m_ObjectHideFlags: 0
  m_CorrespondingSourceObject: {fileID: 0}
  m_PrefabInstance: {fileID: 0}
  m_PrefabAsset: {fileID: 0}
  serializedVersion: 6
  m_Component:
  - component: {fileID: 725146940523657905}
  m_Layer: 0
  m_Name: chin
  m_TagString: Untagged
  m_Icon: {fileID: 0}
  m_NavMeshLayer: 0
  m_StaticEditorFlags: 0
  m_IsActive: 1
--- !u!4 &725146940523657905
Transform:
  m_ObjectHideFlags: 0
  m_CorrespondingSourceObject: {fileID: 0}
  m_PrefabInstance: {fileID: 0}
  m_PrefabAsset: {fileID: 0}
  m_GameObject: {fileID: 4505832277510467991}
  m_LocalRotation: {x: -0.00000014443165, y: 0.97498554, z: -0.22226839, w: -0.00000016677642}
  m_LocalPosition: {x: 0.000010086167, y: 0.008719169, z: 0.0009892946}
  m_LocalScale: {x: 1, y: 0.9999998, z: 0.9999999}
  m_Children: []
  m_Father: {fileID: 4336569361545065269}
  m_RootOrder: 0
  m_LocalEulerAnglesHint: {x: 0, y: 0, z: 0}
--- !u!1 &4634470104238909701
GameObject:
  m_ObjectHideFlags: 0
  m_CorrespondingSourceObject: {fileID: 0}
  m_PrefabInstance: {fileID: 0}
  m_PrefabAsset: {fileID: 0}
  serializedVersion: 6
  m_Component:
  - component: {fileID: 8474498854812400540}
  m_Layer: 0
  m_Name: thumb2.R
  m_TagString: Untagged
  m_Icon: {fileID: 0}
  m_NavMeshLayer: 0
  m_StaticEditorFlags: 0
  m_IsActive: 1
--- !u!4 &8474498854812400540
Transform:
  m_ObjectHideFlags: 0
  m_CorrespondingSourceObject: {fileID: 0}
  m_PrefabInstance: {fileID: 0}
  m_PrefabAsset: {fileID: 0}
  m_GameObject: {fileID: 4634470104238909701}
  m_LocalRotation: {x: -0.021010034, y: -0.042538106, z: 0.027302027, w: 0.9985007}
  m_LocalPosition: {x: -0.000000003427267, y: 0.0021470138, z: -0.0000000020861626}
  m_LocalScale: {x: 0.9999999, y: 1, z: 0.9999998}
  m_Children:
  - {fileID: 6500274272854494175}
  m_Father: {fileID: 6365282068157859778}
  m_RootOrder: 0
  m_LocalEulerAnglesHint: {x: 0, y: 0, z: 0}
--- !u!1 &4818484563357510949
GameObject:
  m_ObjectHideFlags: 0
  m_CorrespondingSourceObject: {fileID: 0}
  m_PrefabInstance: {fileID: 0}
  m_PrefabAsset: {fileID: 0}
  serializedVersion: 6
  m_Component:
  - component: {fileID: 5302252450140452767}
  - component: {fileID: 8230417896120581710}
  m_Layer: 0
  m_Name: Bracelet3.L
  m_TagString: Untagged
  m_Icon: {fileID: 0}
  m_NavMeshLayer: 0
  m_StaticEditorFlags: 0
  m_IsActive: 1
--- !u!4 &5302252450140452767
Transform:
  m_ObjectHideFlags: 0
  m_CorrespondingSourceObject: {fileID: 0}
  m_PrefabInstance: {fileID: 0}
  m_PrefabAsset: {fileID: 0}
  m_GameObject: {fileID: 4818484563357510949}
  m_LocalRotation: {x: 0, y: 0, z: 0, w: 1}
  m_LocalPosition: {x: 0, y: 0, z: 0}
  m_LocalScale: {x: 1, y: 1, z: 1}
  m_Children:
  - {fileID: 5163843447963963645}
  - {fileID: 7480497464815767651}
  m_Father: {fileID: 0}
  m_RootOrder: 0
  m_LocalEulerAnglesHint: {x: 0, y: 0, z: 0}
--- !u!114 &8230417896120581710
MonoBehaviour:
  m_ObjectHideFlags: 0
  m_CorrespondingSourceObject: {fileID: 0}
  m_PrefabInstance: {fileID: 0}
  m_PrefabAsset: {fileID: 0}
  m_GameObject: {fileID: 4818484563357510949}
  m_Enabled: 1
  m_EditorHideFlags: 0
  m_Script: {fileID: 11500000, guid: ad101b9dfe145c842a487fdf34d72453, type: 3}
  m_Name: 
  m_EditorClassIdentifier: 
  skin: {fileID: 2936074059524463675}
  data: {fileID: 0}
--- !u!1 &4829707934730430727
GameObject:
  m_ObjectHideFlags: 0
  m_CorrespondingSourceObject: {fileID: 0}
  m_PrefabInstance: {fileID: 0}
  m_PrefabAsset: {fileID: 0}
  serializedVersion: 6
  m_Component:
  - component: {fileID: 7023739240575684738}
  m_Layer: 0
  m_Name: forearm.R
  m_TagString: Untagged
  m_Icon: {fileID: 0}
  m_NavMeshLayer: 0
  m_StaticEditorFlags: 0
  m_IsActive: 1
--- !u!4 &7023739240575684738
Transform:
  m_ObjectHideFlags: 0
  m_CorrespondingSourceObject: {fileID: 0}
  m_PrefabInstance: {fileID: 0}
  m_PrefabAsset: {fileID: 0}
  m_GameObject: {fileID: 4829707934730430727}
  m_LocalRotation: {x: 0.030594634, y: -0.002788442, z: 0.0025053627, w: 0.99952483}
  m_LocalPosition: {x: -0.0000000044470654, y: 0.025090035, z: 7.4505804e-11}
  m_LocalScale: {x: 1.0000002, y: 1.0000005, z: 1.0000001}
  m_Children:
  - {fileID: 6913929524479500649}
  m_Father: {fileID: 1501904451017337047}
  m_RootOrder: 0
  m_LocalEulerAnglesHint: {x: 0, y: 0, z: 0}
--- !u!1 &5015939098057897162
GameObject:
  m_ObjectHideFlags: 0
  m_CorrespondingSourceObject: {fileID: 0}
  m_PrefabInstance: {fileID: 0}
  m_PrefabAsset: {fileID: 0}
  serializedVersion: 6
  m_Component:
  - component: {fileID: 9116773986851972718}
  m_Layer: 0
  m_Name: middle1.L
  m_TagString: Untagged
  m_Icon: {fileID: 0}
  m_NavMeshLayer: 0
  m_StaticEditorFlags: 0
  m_IsActive: 1
--- !u!4 &9116773986851972718
Transform:
  m_ObjectHideFlags: 0
  m_CorrespondingSourceObject: {fileID: 0}
  m_PrefabInstance: {fileID: 0}
  m_PrefabAsset: {fileID: 0}
  m_GameObject: {fileID: 5015939098057897162}
  m_LocalRotation: {x: -0.04988452, y: 0.007558128, z: 0.08986753, w: 0.9946749}
  m_LocalPosition: {x: -0.00090157887, y: 0.009421864, z: -0.0001537856}
  m_LocalScale: {x: 1.0000001, y: 1, z: 1.0000001}
  m_Children:
  - {fileID: 7898088629381345889}
  m_Father: {fileID: 8582433467932951046}
  m_RootOrder: 0
  m_LocalEulerAnglesHint: {x: 0, y: 0, z: 0}
--- !u!1 &5158368079707170089
GameObject:
  m_ObjectHideFlags: 0
  m_CorrespondingSourceObject: {fileID: 0}
  m_PrefabInstance: {fileID: 0}
  m_PrefabAsset: {fileID: 0}
  serializedVersion: 6
  m_Component:
  - component: {fileID: 5425190247078614277}
  m_Layer: 0
  m_Name: elbowIK.R
  m_TagString: Untagged
  m_Icon: {fileID: 0}
  m_NavMeshLayer: 0
  m_StaticEditorFlags: 0
  m_IsActive: 1
--- !u!4 &5425190247078614277
Transform:
  m_ObjectHideFlags: 0
  m_CorrespondingSourceObject: {fileID: 0}
  m_PrefabInstance: {fileID: 0}
  m_PrefabAsset: {fileID: 0}
  m_GameObject: {fileID: 5158368079707170089}
  m_LocalRotation: {x: -7.9228795e-17, y: 0.93235165, z: 7.9228795e-17, w: 0.36155272}
  m_LocalPosition: {x: 0.026876599, y: 0.015169222, z: 0.04589073}
  m_LocalScale: {x: 0.99999994, y: 0.9999997, z: 0.99999994}
  m_Children: []
  m_Father: {fileID: 5163843447963963645}
  m_RootOrder: 2
  m_LocalEulerAnglesHint: {x: 0, y: 0, z: 0}
--- !u!1 &5259334704032484098
GameObject:
  m_ObjectHideFlags: 0
  m_CorrespondingSourceObject: {fileID: 0}
  m_PrefabInstance: {fileID: 0}
  m_PrefabAsset: {fileID: 0}
  serializedVersion: 6
  m_Component:
  - component: {fileID: 7881215847858354840}
  m_Layer: 0
  m_Name: mouth2.R
  m_TagString: Untagged
  m_Icon: {fileID: 0}
  m_NavMeshLayer: 0
  m_StaticEditorFlags: 0
  m_IsActive: 1
--- !u!4 &7881215847858354840
Transform:
  m_ObjectHideFlags: 0
  m_CorrespondingSourceObject: {fileID: 0}
  m_PrefabInstance: {fileID: 0}
  m_PrefabAsset: {fileID: 0}
  m_GameObject: {fileID: 5259334704032484098}
  m_LocalRotation: {x: 3.637979e-12, y: 0.00000047683693, z: -3.1170812e-19, w: 1}
  m_LocalPosition: {x: -0.0008996417, y: 0.0033996864, z: 0.0004600379}
  m_LocalScale: {x: 1, y: 1, z: 1}
  m_Children: []
  m_Father: {fileID: 7151381759231695749}
  m_RootOrder: 4
  m_LocalEulerAnglesHint: {x: 0, y: 0, z: 0}
--- !u!1 &5334400824264016140
GameObject:
  m_ObjectHideFlags: 0
  m_CorrespondingSourceObject: {fileID: 0}
  m_PrefabInstance: {fileID: 0}
  m_PrefabAsset: {fileID: 0}
  serializedVersion: 6
  m_Component:
  - component: {fileID: 1501904451017337047}
  m_Layer: 0
  m_Name: bicep.R
  m_TagString: Untagged
  m_Icon: {fileID: 0}
  m_NavMeshLayer: 0
  m_StaticEditorFlags: 0
  m_IsActive: 1
--- !u!4 &1501904451017337047
Transform:
  m_ObjectHideFlags: 0
  m_CorrespondingSourceObject: {fileID: 0}
  m_PrefabInstance: {fileID: 0}
  m_PrefabAsset: {fileID: 0}
  m_GameObject: {fileID: 5334400824264016140}
  m_LocalRotation: {x: 0.021749541, y: -0.023665294, z: -0.41177607, w: 0.9107181}
  m_LocalPosition: {x: -0.00000000424101, y: 0.00806818, z: 1.862645e-10}
  m_LocalScale: {x: 0.9999996, y: 1.0000001, z: 0.99999964}
  m_Children:
  - {fileID: 7023739240575684738}
  m_Father: {fileID: 7394997457723511157}
  m_RootOrder: 0
  m_LocalEulerAnglesHint: {x: 0, y: 0, z: 0}
--- !u!1 &5390952351356196165
GameObject:
  m_ObjectHideFlags: 0
  m_CorrespondingSourceObject: {fileID: 0}
  m_PrefabInstance: {fileID: 0}
  m_PrefabAsset: {fileID: 0}
  serializedVersion: 6
  m_Component:
  - component: {fileID: 5088044002084743873}
  m_Layer: 0
  m_Name: brow2.L
  m_TagString: Untagged
  m_Icon: {fileID: 0}
  m_NavMeshLayer: 0
  m_StaticEditorFlags: 0
  m_IsActive: 1
--- !u!4 &5088044002084743873
Transform:
  m_ObjectHideFlags: 0
  m_CorrespondingSourceObject: {fileID: 0}
  m_PrefabInstance: {fileID: 0}
  m_PrefabAsset: {fileID: 0}
  m_GameObject: {fileID: 5390952351356196165}
  m_LocalRotation: {x: 3.637979e-12, y: -2.5579538e-13, z: 5.556536e-19, w: 1}
  m_LocalPosition: {x: 0.00019508967, y: 0.0043836036, z: 0.0022722455}
  m_LocalScale: {x: 1, y: 1, z: 1}
  m_Children: []
  m_Father: {fileID: 5675349820936493430}
  m_RootOrder: 1
  m_LocalEulerAnglesHint: {x: 0, y: 0, z: 0}
--- !u!1 &5491985593831057977
GameObject:
  m_ObjectHideFlags: 0
  m_CorrespondingSourceObject: {fileID: 0}
  m_PrefabInstance: {fileID: 0}
  m_PrefabAsset: {fileID: 0}
  serializedVersion: 6
  m_Component:
  - component: {fileID: 993925449377933960}
  m_Layer: 0
  m_Name: brow3.L
  m_TagString: Untagged
  m_Icon: {fileID: 0}
  m_NavMeshLayer: 0
  m_StaticEditorFlags: 0
  m_IsActive: 1
--- !u!4 &993925449377933960
Transform:
  m_ObjectHideFlags: 0
  m_CorrespondingSourceObject: {fileID: 0}
  m_PrefabInstance: {fileID: 0}
  m_PrefabAsset: {fileID: 0}
  m_GameObject: {fileID: 5491985593831057977}
  m_LocalRotation: {x: 3.637979e-12, y: -2.5579538e-13, z: 5.556536e-19, w: 1}
  m_LocalPosition: {x: 0.0024386123, y: 0.0026275301, z: 0.0020484326}
  m_LocalScale: {x: 1, y: 1, z: 1}
  m_Children: []
  m_Father: {fileID: 5675349820936493430}
  m_RootOrder: 2
  m_LocalEulerAnglesHint: {x: 0, y: 0, z: 0}
--- !u!1 &5728105061156322365
GameObject:
  m_ObjectHideFlags: 0
  m_CorrespondingSourceObject: {fileID: 0}
  m_PrefabInstance: {fileID: 0}
  m_PrefabAsset: {fileID: 0}
  serializedVersion: 6
  m_Component:
  - component: {fileID: 170486134610033648}
  m_Layer: 0
  m_Name: pinky2.L
  m_TagString: Untagged
  m_Icon: {fileID: 0}
  m_NavMeshLayer: 0
  m_StaticEditorFlags: 0
  m_IsActive: 1
--- !u!4 &170486134610033648
Transform:
  m_ObjectHideFlags: 0
  m_CorrespondingSourceObject: {fileID: 0}
  m_PrefabInstance: {fileID: 0}
  m_PrefabAsset: {fileID: 0}
  m_GameObject: {fileID: 5728105061156322365}
  m_LocalRotation: {x: -0.0009089461, y: -0.000061053106, z: -0.010857321, w: 0.99994063}
  m_LocalPosition: {x: -0.000000006259943, y: 0.002416592, z: -3.7252902e-11}
  m_LocalScale: {x: 0.9999999, y: 0.99999994, z: 0.9999999}
  m_Children:
  - {fileID: 8032495883840209413}
  m_Father: {fileID: 6562399187251029953}
  m_RootOrder: 0
  m_LocalEulerAnglesHint: {x: 0, y: 0, z: 0}
--- !u!1 &5913770441948910276
GameObject:
  m_ObjectHideFlags: 0
  m_CorrespondingSourceObject: {fileID: 0}
  m_PrefabInstance: {fileID: 0}
  m_PrefabAsset: {fileID: 0}
  serializedVersion: 6
  m_Component:
  - component: {fileID: 7091325231995089922}
  m_Layer: 0
  m_Name: spine4
  m_TagString: Untagged
  m_Icon: {fileID: 0}
  m_NavMeshLayer: 0
  m_StaticEditorFlags: 0
  m_IsActive: 1
--- !u!4 &7091325231995089922
Transform:
  m_ObjectHideFlags: 0
  m_CorrespondingSourceObject: {fileID: 0}
  m_PrefabInstance: {fileID: 0}
  m_PrefabAsset: {fileID: 0}
  m_GameObject: {fileID: 5913770441948910276}
  m_LocalRotation: {x: 0.08743109, y: 4.500327e-14, z: -0.000000020845194, w: 0.9961706}
  m_LocalPosition: {x: -2.1316282e-16, y: 0.013469322, z: -8.9406943e-10}
  m_LocalScale: {x: 1, y: 1, z: 1}
  m_Children:
  - {fileID: 2507618134144490373}
  - {fileID: 2127633431264838998}
  - {fileID: 7394997457723511157}
  m_Father: {fileID: 6182212159205366532}
  m_RootOrder: 0
  m_LocalEulerAnglesHint: {x: 0, y: 0, z: 0}
--- !u!1 &5939174255782790334
GameObject:
  m_ObjectHideFlags: 0
  m_CorrespondingSourceObject: {fileID: 0}
  m_PrefabInstance: {fileID: 0}
  m_PrefabAsset: {fileID: 0}
  serializedVersion: 6
  m_Component:
  - component: {fileID: 6365282068157859778}
  m_Layer: 0
  m_Name: thumb1.R
  m_TagString: Untagged
  m_Icon: {fileID: 0}
  m_NavMeshLayer: 0
  m_StaticEditorFlags: 0
  m_IsActive: 1
--- !u!4 &6365282068157859778
Transform:
  m_ObjectHideFlags: 0
  m_CorrespondingSourceObject: {fileID: 0}
  m_PrefabInstance: {fileID: 0}
  m_PrefabAsset: {fileID: 0}
  m_GameObject: {fileID: 5939174255782790334}
  m_LocalRotation: {x: 0.3355744, y: -0.031752046, z: -0.18655594, w: 0.92281014}
  m_LocalPosition: {x: 0.0022163864, y: 0.003756709, z: 0.003190173}
  m_LocalScale: {x: 1, y: 1, z: 1}
  m_Children:
  - {fileID: 8474498854812400540}
  m_Father: {fileID: 6913929524479500649}
  m_RootOrder: 4
  m_LocalEulerAnglesHint: {x: 0, y: 0, z: 0}
--- !u!1 &5947567023084746487
GameObject:
  m_ObjectHideFlags: 0
  m_CorrespondingSourceObject: {fileID: 0}
  m_PrefabInstance: {fileID: 0}
  m_PrefabAsset: {fileID: 0}
  serializedVersion: 6
  m_Component:
  - component: {fileID: 5284410653882449668}
  m_Layer: 0
  m_Name: pointer1.L
  m_TagString: Untagged
  m_Icon: {fileID: 0}
  m_NavMeshLayer: 0
  m_StaticEditorFlags: 0
  m_IsActive: 1
--- !u!4 &5284410653882449668
Transform:
  m_ObjectHideFlags: 0
  m_CorrespondingSourceObject: {fileID: 0}
  m_PrefabInstance: {fileID: 0}
  m_PrefabAsset: {fileID: 0}
  m_GameObject: {fileID: 5947567023084746487}
  m_LocalRotation: {x: -0.052890345, y: 0.0036710748, z: 0.060704183, w: 0.9967468}
  m_LocalPosition: {x: -0.0010329336, y: 0.009195021, z: 0.0019179947}
  m_LocalScale: {x: 1, y: 1, z: 1}
  m_Children:
  - {fileID: 8043846077986341579}
  m_Father: {fileID: 8582433467932951046}
  m_RootOrder: 2
  m_LocalEulerAnglesHint: {x: 0, y: 0, z: 0}
--- !u!1 &5984508741508038173
GameObject:
  m_ObjectHideFlags: 0
  m_CorrespondingSourceObject: {fileID: 0}
  m_PrefabInstance: {fileID: 0}
  m_PrefabAsset: {fileID: 0}
  serializedVersion: 6
  m_Component:
  - component: {fileID: 1373777814192689582}
  m_Layer: 0
  m_Name: middle1.R
  m_TagString: Untagged
  m_Icon: {fileID: 0}
  m_NavMeshLayer: 0
  m_StaticEditorFlags: 0
  m_IsActive: 1
--- !u!4 &1373777814192689582
Transform:
  m_ObjectHideFlags: 0
  m_CorrespondingSourceObject: {fileID: 0}
  m_PrefabInstance: {fileID: 0}
  m_PrefabAsset: {fileID: 0}
  m_GameObject: {fileID: 5984508741508038173}
  m_LocalRotation: {x: -0.04988452, y: -0.0075581237, z: -0.08986744, w: 0.994675}
  m_LocalPosition: {x: 0.0009015845, y: 0.009409818, z: -0.0002529592}
  m_LocalScale: {x: 1.0000001, y: 0.99999994, z: 1.0000001}
  m_Children:
  - {fileID: 4422301103838818956}
  m_Father: {fileID: 6913929524479500649}
  m_RootOrder: 0
  m_LocalEulerAnglesHint: {x: 0, y: 0, z: 0}
--- !u!1 &6006883003554399085
GameObject:
  m_ObjectHideFlags: 0
  m_CorrespondingSourceObject: {fileID: 0}
  m_PrefabInstance: {fileID: 0}
  m_PrefabAsset: {fileID: 0}
  serializedVersion: 6
  m_Component:
  - component: {fileID: 6182212159205366532}
  m_Layer: 0
  m_Name: spine3
  m_TagString: Untagged
  m_Icon: {fileID: 0}
  m_NavMeshLayer: 0
  m_StaticEditorFlags: 0
  m_IsActive: 1
--- !u!4 &6182212159205366532
Transform:
  m_ObjectHideFlags: 0
  m_CorrespondingSourceObject: {fileID: 0}
  m_PrefabInstance: {fileID: 0}
  m_PrefabAsset: {fileID: 0}
  m_GameObject: {fileID: 6006883003554399085}
  m_LocalRotation: {x: -0.1211506, y: -2.8665295e-12, z: 0.00000002888093, w: 0.9926342}
  m_LocalPosition: {x: -9.880985e-17, y: 0.011526583, z: -2.933664e-10}
  m_LocalScale: {x: 1, y: 0.99999994, z: 0.99999994}
  m_Children:
  - {fileID: 7091325231995089922}
  m_Father: {fileID: 2002457030767952313}
  m_RootOrder: 0
  m_LocalEulerAnglesHint: {x: 0, y: 0, z: 0}
--- !u!1 &6191839612697631927
GameObject:
  m_ObjectHideFlags: 0
  m_CorrespondingSourceObject: {fileID: 0}
  m_PrefabInstance: {fileID: 0}
  m_PrefabAsset: {fileID: 0}
  serializedVersion: 6
  m_Component:
  - component: {fileID: 4605847522234827541}
  m_Layer: 0
  m_Name: toe.L
  m_TagString: Untagged
  m_Icon: {fileID: 0}
  m_NavMeshLayer: 0
  m_StaticEditorFlags: 0
  m_IsActive: 1
--- !u!4 &4605847522234827541
Transform:
  m_ObjectHideFlags: 0
  m_CorrespondingSourceObject: {fileID: 0}
  m_PrefabInstance: {fileID: 0}
  m_PrefabAsset: {fileID: 0}
  m_GameObject: {fileID: 6191839612697631927}
  m_LocalRotation: {x: 0.05550845, y: 0.044426445, z: 0.0030278545, w: 0.9974648}
  m_LocalPosition: {x: -1.4551915e-10, y: 0.009753948, z: 0.0000000023189932}
  m_LocalScale: {x: 0.9999997, y: 0.99999994, z: 0.9999999}
  m_Children: []
  m_Father: {fileID: 8594455200565325837}
  m_RootOrder: 0
  m_LocalEulerAnglesHint: {x: 0, y: 0, z: 0}
--- !u!1 &6345543303083071731
GameObject:
  m_ObjectHideFlags: 0
  m_CorrespondingSourceObject: {fileID: 0}
  m_PrefabInstance: {fileID: 0}
  m_PrefabAsset: {fileID: 0}
  serializedVersion: 6
  m_Component:
  - component: {fileID: 6480356987452692859}
  m_Layer: 0
  m_Name: pinky3.R
  m_TagString: Untagged
  m_Icon: {fileID: 0}
  m_NavMeshLayer: 0
  m_StaticEditorFlags: 0
  m_IsActive: 1
--- !u!4 &6480356987452692859
Transform:
  m_ObjectHideFlags: 0
  m_CorrespondingSourceObject: {fileID: 0}
  m_PrefabInstance: {fileID: 0}
  m_PrefabAsset: {fileID: 0}
  m_GameObject: {fileID: 6345543303083071731}
  m_LocalRotation: {x: 0.019648641, y: 0.00083232595, z: 0.044036098, w: 0.99883634}
  m_LocalPosition: {x: 7.532071e-10, y: 0.0019011886, z: -1.862645e-10}
  m_LocalScale: {x: 0.9999997, y: 0.99999994, z: 0.9999997}
  m_Children: []
  m_Father: {fileID: 3561896589005457330}
  m_RootOrder: 0
  m_LocalEulerAnglesHint: {x: 0, y: 0, z: 0}
--- !u!1 &6494266176216588530
GameObject:
  m_ObjectHideFlags: 0
  m_CorrespondingSourceObject: {fileID: 0}
  m_PrefabInstance: {fileID: 0}
  m_PrefabAsset: {fileID: 0}
  serializedVersion: 6
  m_Component:
  - component: {fileID: 6772448371864826858}
  m_Layer: 0
  m_Name: footIK.L
  m_TagString: Untagged
  m_Icon: {fileID: 0}
  m_NavMeshLayer: 0
  m_StaticEditorFlags: 0
  m_IsActive: 1
--- !u!4 &6772448371864826858
Transform:
  m_ObjectHideFlags: 0
  m_CorrespondingSourceObject: {fileID: 0}
  m_PrefabInstance: {fileID: 0}
  m_PrefabAsset: {fileID: 0}
  m_GameObject: {fileID: 6494266176216588530}
  m_LocalRotation: {x: -0.00024485652, y: 0.998783, z: 0.049067277, w: -0.0049879136}
  m_LocalPosition: {x: -0.005937113, y: 0.003082624, z: -0.0040082345}
  m_LocalScale: {x: 1, y: 1.0000002, z: 0.99999994}
  m_Children: []
  m_Father: {fileID: 9147179360004999005}
  m_RootOrder: 1
  m_LocalEulerAnglesHint: {x: 0, y: 0, z: 0}
--- !u!1 &6494857568934145844
GameObject:
  m_ObjectHideFlags: 0
  m_CorrespondingSourceObject: {fileID: 0}
  m_PrefabInstance: {fileID: 0}
  m_PrefabAsset: {fileID: 0}
  serializedVersion: 6
  m_Component:
  - component: {fileID: 4188756770142443274}
  m_Layer: 0
  m_Name: nose1.L
  m_TagString: Untagged
  m_Icon: {fileID: 0}
  m_NavMeshLayer: 0
  m_StaticEditorFlags: 0
  m_IsActive: 1
--- !u!4 &4188756770142443274
Transform:
  m_ObjectHideFlags: 0
  m_CorrespondingSourceObject: {fileID: 0}
  m_PrefabInstance: {fileID: 0}
  m_PrefabAsset: {fileID: 0}
  m_GameObject: {fileID: 6494857568934145844}
  m_LocalRotation: {x: 3.637979e-12, y: -2.5579538e-13, z: 5.556536e-19, w: 1}
  m_LocalPosition: {x: 0.0012870447, y: 3.370215e-10, z: -8.226498e-10}
  m_LocalScale: {x: 1, y: 1, z: 1}
  m_Children: []
  m_Father: {fileID: 5580410198025243808}
  m_RootOrder: 0
  m_LocalEulerAnglesHint: {x: 0, y: 0, z: 0}
--- !u!1 &6536984652860555722
GameObject:
  m_ObjectHideFlags: 0
  m_CorrespondingSourceObject: {fileID: 0}
  m_PrefabInstance: {fileID: 0}
  m_PrefabAsset: {fileID: 0}
  serializedVersion: 6
  m_Component:
  - component: {fileID: 2106402438435757609}
  m_Layer: 0
  m_Name: pinky1.R
  m_TagString: Untagged
  m_Icon: {fileID: 0}
  m_NavMeshLayer: 0
  m_StaticEditorFlags: 0
  m_IsActive: 1
--- !u!4 &2106402438435757609
Transform:
  m_ObjectHideFlags: 0
  m_CorrespondingSourceObject: {fileID: 0}
  m_PrefabInstance: {fileID: 0}
  m_PrefabAsset: {fileID: 0}
  m_GameObject: {fileID: 6536984652860555722}
  m_LocalRotation: {x: -0.059950396, y: -0.008112907, z: -0.120335065, w: 0.9908883}
  m_LocalPosition: {x: 0.0010632124, y: 0.008659201, z: -0.0041688858}
  m_LocalScale: {x: 1, y: 0.99999994, z: 1}
  m_Children:
  - {fileID: 3561896589005457330}
  m_Father: {fileID: 6913929524479500649}
  m_RootOrder: 1
  m_LocalEulerAnglesHint: {x: 0, y: 0, z: 0}
--- !u!1 &6548675959828039095
GameObject:
  m_ObjectHideFlags: 0
  m_CorrespondingSourceObject: {fileID: 0}
  m_PrefabInstance: {fileID: 0}
  m_PrefabAsset: {fileID: 0}
  serializedVersion: 6
  m_Component:
  - component: {fileID: 622249843511162401}
  m_Layer: 0
  m_Name: hip.L
  m_TagString: Untagged
  m_Icon: {fileID: 0}
  m_NavMeshLayer: 0
  m_StaticEditorFlags: 0
  m_IsActive: 1
--- !u!4 &622249843511162401
Transform:
  m_ObjectHideFlags: 0
  m_CorrespondingSourceObject: {fileID: 0}
  m_PrefabInstance: {fileID: 0}
  m_PrefabAsset: {fileID: 0}
  m_GameObject: {fileID: 6548675959828039095}
  m_LocalRotation: {x: 0.00903476, y: 0.11939399, z: 0.99280256, w: -0.0025771663}
  m_LocalPosition: {x: -0.006552948, y: -0.005393687, z: 0.0012667617}
  m_LocalScale: {x: 1.0000002, y: 1.0000006, z: 1.000006}
  m_Children:
  - {fileID: 5071394596415651767}
  m_Father: {fileID: 1759332135265256155}
  m_RootOrder: 0
  m_LocalEulerAnglesHint: {x: 0, y: 0, z: 0}
--- !u!1 &6674669460236601498
GameObject:
  m_ObjectHideFlags: 0
  m_CorrespondingSourceObject: {fileID: 0}
  m_PrefabInstance: {fileID: 0}
  m_PrefabAsset: {fileID: 0}
  serializedVersion: 6
  m_Component:
  - component: {fileID: 2791390442416076003}
  m_Layer: 0
  m_Name: cheek2.L
  m_TagString: Untagged
  m_Icon: {fileID: 0}
  m_NavMeshLayer: 0
  m_StaticEditorFlags: 0
  m_IsActive: 1
--- !u!4 &2791390442416076003
Transform:
  m_ObjectHideFlags: 0
  m_CorrespondingSourceObject: {fileID: 0}
  m_PrefabInstance: {fileID: 0}
  m_PrefabAsset: {fileID: 0}
  m_GameObject: {fileID: 6674669460236601498}
  m_LocalRotation: {x: -6.0523985e-17, y: 1, z: -3.63804e-12, w: 0.00000019470718}
  m_LocalPosition: {x: -0.0050435034, y: 0.008830926, z: -0.0029888}
  m_LocalScale: {x: 1, y: 1, z: 1}
  m_Children: []
  m_Father: {fileID: 2987311414611226273}
  m_RootOrder: 2
  m_LocalEulerAnglesHint: {x: 0, y: 0, z: 0}
--- !u!1 &6693973878404159759
GameObject:
  m_ObjectHideFlags: 0
  m_CorrespondingSourceObject: {fileID: 0}
  m_PrefabInstance: {fileID: 0}
  m_PrefabAsset: {fileID: 0}
  serializedVersion: 6
  m_Component:
  - component: {fileID: 2127633431264838998}
  m_Layer: 0
  m_Name: shoulder.L
  m_TagString: Untagged
  m_Icon: {fileID: 0}
  m_NavMeshLayer: 0
  m_StaticEditorFlags: 0
  m_IsActive: 1
--- !u!4 &2127633431264838998
Transform:
  m_ObjectHideFlags: 0
  m_CorrespondingSourceObject: {fileID: 0}
  m_PrefabInstance: {fileID: 0}
  m_PrefabAsset: {fileID: 0}
  m_GameObject: {fileID: 6693973878404159759}
  m_LocalRotation: {x: 0.01278516, y: -0.047728516, z: 0.71283376, w: 0.69959027}
  m_LocalPosition: {x: -0.0035908855, y: 0.0032074514, z: -0.001332562}
  m_LocalScale: {x: 1, y: 1, z: 1}
  m_Children:
  - {fileID: 5765981079358007053}
  m_Father: {fileID: 7091325231995089922}
  m_RootOrder: 1
  m_LocalEulerAnglesHint: {x: 0, y: 0, z: 0}
--- !u!1 &6700858730583613550
GameObject:
  m_ObjectHideFlags: 0
  m_CorrespondingSourceObject: {fileID: 0}
  m_PrefabInstance: {fileID: 0}
  m_PrefabAsset: {fileID: 0}
  serializedVersion: 6
  m_Component:
  - component: {fileID: 6153078218333496147}
  m_Layer: 0
  m_Name: ring3.R
  m_TagString: Untagged
  m_Icon: {fileID: 0}
  m_NavMeshLayer: 0
  m_StaticEditorFlags: 0
  m_IsActive: 1
--- !u!4 &6153078218333496147
Transform:
  m_ObjectHideFlags: 0
  m_CorrespondingSourceObject: {fileID: 0}
  m_PrefabInstance: {fileID: 0}
  m_PrefabAsset: {fileID: 0}
  m_GameObject: {fileID: 6700858730583613550}
  m_LocalRotation: {x: -0.011989078, y: -0.000073334835, z: -0.0025290723, w: 0.99992496}
  m_LocalPosition: {x: 0.0000000016391277, y: 0.002428775, z: -7.799826e-11}
  m_LocalScale: {x: 1, y: 1, z: 1}
  m_Children: []
  m_Father: {fileID: 759146778903259813}
  m_RootOrder: 0
  m_LocalEulerAnglesHint: {x: 0, y: 0, z: 0}
--- !u!1 &6734218305291283412
GameObject:
  m_ObjectHideFlags: 0
  m_CorrespondingSourceObject: {fileID: 0}
  m_PrefabInstance: {fileID: 0}
  m_PrefabAsset: {fileID: 0}
  serializedVersion: 6
  m_Component:
  - component: {fileID: 7480497464815767651}
  - component: {fileID: 2936074059524463675}
  m_Layer: 0
  m_Name: Bracelet2.L
  m_TagString: Untagged
  m_Icon: {fileID: 0}
  m_NavMeshLayer: 0
  m_StaticEditorFlags: 0
  m_IsActive: 1
--- !u!4 &7480497464815767651
Transform:
  m_ObjectHideFlags: 0
  m_CorrespondingSourceObject: {fileID: 0}
  m_PrefabInstance: {fileID: 0}
  m_PrefabAsset: {fileID: 0}
  m_GameObject: {fileID: 6734218305291283412}
  m_LocalRotation: {x: 0, y: -0, z: -0, w: 1}
  m_LocalPosition: {x: -0, y: 0, z: -0.000000007450581}
  m_LocalScale: {x: 0.99999976, y: 0.99999976, z: 0.99999976}
  m_Children: []
  m_Father: {fileID: 5302252450140452767}
  m_RootOrder: 1
  m_LocalEulerAnglesHint: {x: 0, y: 0, z: 0}
--- !u!137 &2936074059524463675
SkinnedMeshRenderer:
  m_ObjectHideFlags: 0
  m_CorrespondingSourceObject: {fileID: 0}
  m_PrefabInstance: {fileID: 0}
  m_PrefabAsset: {fileID: 0}
  m_GameObject: {fileID: 6734218305291283412}
  m_Enabled: 1
  m_CastShadows: 1
  m_ReceiveShadows: 1
  m_DynamicOccludee: 1
  m_MotionVectors: 1
  m_LightProbeUsage: 1
  m_ReflectionProbeUsage: 1
  m_RayTracingMode: 3
  m_RayTraceProcedural: 0
  m_RenderingLayerMask: 1
  m_RendererPriority: 0
  m_Materials:
  - {fileID: 2100000, guid: a4ada44696b20cc4e8cf5e8a7f2d257f, type: 2}
  m_StaticBatchInfo:
    firstSubMesh: 0
    subMeshCount: 0
  m_StaticBatchRoot: {fileID: 0}
  m_ProbeAnchor: {fileID: 0}
  m_LightProbeVolumeOverride: {fileID: 0}
  m_ScaleInLightmap: 1
  m_ReceiveGI: 1
  m_PreserveUVs: 0
  m_IgnoreNormalsForChartDetection: 0
  m_ImportantGI: 0
  m_StitchLightmapSeams: 1
  m_SelectedEditorRenderState: 3
  m_MinimumChartSize: 4
  m_AutoUVMaxDistance: 0.5
  m_AutoUVMaxAngle: 89
  m_LightmapParameters: {fileID: 0}
  m_SortingLayerID: 0
  m_SortingLayer: 0
  m_SortingOrder: 0
  serializedVersion: 2
  m_Quality: 0
  m_UpdateWhenOffscreen: 0
  m_SkinnedMotionVectors: 1
  m_Mesh: {fileID: 3655029897731394439, guid: 86b50e8e1488b9d4d8841d0760c727ba, type: 3}
  m_Bones:
  - {fileID: 9147179360004999005}
  - {fileID: 6405886890976178210}
  - {fileID: 3103799548610025029}
  - {fileID: 4642947886290235494}
  - {fileID: 2758606311180726512}
  - {fileID: 1759332135265256155}
  - {fileID: 622249843511162401}
  - {fileID: 5071394596415651767}
  - {fileID: 8594455200565325837}
  - {fileID: 4605847522234827541}
  - {fileID: 2002457030767952313}
  - {fileID: 6182212159205366532}
  - {fileID: 7091325231995089922}
  - {fileID: 2127633431264838998}
  - {fileID: 5765981079358007053}
  - {fileID: 2752324526731574369}
  - {fileID: 8582433467932951046}
  - {fileID: 9116773986851972718}
  - {fileID: 7898088629381345889}
  - {fileID: 1724336035126912623}
  - {fileID: 5284410653882449668}
  - {fileID: 8043846077986341579}
  - {fileID: 8976438858897693988}
  - {fileID: 8852154635026592137}
  - {fileID: 5273799595135163310}
  - {fileID: 7262298411237283939}
  - {fileID: 1172486857644041215}
  - {fileID: 5888696225815526071}
  - {fileID: 1682724917303737959}
  - {fileID: 6562399187251029953}
  - {fileID: 170486134610033648}
  - {fileID: 8032495883840209413}
  - {fileID: 7394997457723511157}
  - {fileID: 1501904451017337047}
  - {fileID: 7023739240575684738}
  - {fileID: 6913929524479500649}
  - {fileID: 1373777814192689582}
  - {fileID: 4422301103838818956}
  - {fileID: 8052907574133586629}
  - {fileID: 1198639128940875725}
  - {fileID: 5788617896193783289}
  - {fileID: 5090579122860039133}
  - {fileID: 5327733997300296062}
  - {fileID: 759146778903259813}
  - {fileID: 6153078218333496147}
  - {fileID: 2106402438435757609}
  - {fileID: 3561896589005457330}
  - {fileID: 6480356987452692859}
  - {fileID: 6365282068157859778}
  - {fileID: 8474498854812400540}
  - {fileID: 6500274272854494175}
  - {fileID: 2507618134144490373}
  - {fileID: 2987311414611226273}
  - {fileID: 5580410198025243808}
  - {fileID: 4188756770142443274}
  - {fileID: 4196372145607124668}
  - {fileID: 1949485133369942895}
  - {fileID: 1664005473403054546}
  - {fileID: 7151381759231695749}
  - {fileID: 4336569361545065269}
  - {fileID: 7661809496076764042}
  - {fileID: 7721530537019217848}
  - {fileID: 725146940523657905}
  - {fileID: 6132553429875269617}
  - {fileID: 7747729761184202402}
  - {fileID: 2094129459512269747}
  - {fileID: 7881215847858354840}
  - {fileID: 5675349820936493430}
  - {fileID: 2998254261487044581}
  - {fileID: 5676694155814340565}
  - {fileID: 993925449377933960}
  - {fileID: 9167339960867489270}
  - {fileID: 5088044002084743873}
  - {fileID: 2178762030436723336}
  - {fileID: 2791390442416076003}
  - {fileID: 2337603129376586450}
  - {fileID: 7458256390951109627}
  - {fileID: 6331689412532087631}
  - {fileID: 6056607393858694180}
  - {fileID: 4302402202060094543}
  - {fileID: 2080554827589206292}
  - {fileID: 4129772914836551491}
  - {fileID: 7841176378156993122}
  - {fileID: 4856057760562353848}
  - {fileID: 4085615884473820164}
  - {fileID: 1236049341688903937}
  - {fileID: 7045618064841055931}
  - {fileID: 4704832352117381493}
  - {fileID: 8376447094752213439}
  - {fileID: 6772448371864826858}
  - {fileID: 3105942097100765796}
  - {fileID: 5632841077142167010}
  - {fileID: 5425190247078614277}
  m_BlendShapeWeights: []
  m_RootBone: {fileID: 9147179360004999005}
  m_AABB:
    m_Center: {x: -0.03932813, y: 0.0024132328, z: -0.105572045}
    m_Extent: {x: 0.0027959459, y: 0.0028198818, z: 0.0028788522}
  m_DirtyAABB: 0
--- !u!1 &6767007444573400281
GameObject:
  m_ObjectHideFlags: 0
  m_CorrespondingSourceObject: {fileID: 0}
  m_PrefabInstance: {fileID: 0}
  m_PrefabAsset: {fileID: 0}
  serializedVersion: 6
  m_Component:
  - component: {fileID: 5163843447963963645}
  m_Layer: 0
  m_Name: Base_Armature
  m_TagString: Untagged
  m_Icon: {fileID: 0}
  m_NavMeshLayer: 0
  m_StaticEditorFlags: 0
  m_IsActive: 1
--- !u!4 &5163843447963963645
Transform:
  m_ObjectHideFlags: 0
  m_CorrespondingSourceObject: {fileID: 0}
  m_PrefabInstance: {fileID: 0}
  m_PrefabAsset: {fileID: 0}
  m_GameObject: {fileID: 6767007444573400281}
  m_LocalRotation: {x: -0.7071068, y: 0, z: -0, w: 0.7071067}
  m_LocalPosition: {x: -0, y: 0.72639936, z: -0.047294855}
  m_LocalScale: {x: 9.986037, y: 9.986037, z: 9.986037}
  m_Children:
  - {fileID: 9147179360004999005}
  - {fileID: 5632841077142167010}
  - {fileID: 5425190247078614277}
  m_Father: {fileID: 5302252450140452767}
  m_RootOrder: 0
  m_LocalEulerAnglesHint: {x: 0, y: 0, z: 0}
--- !u!1 &6833044666375924605
GameObject:
  m_ObjectHideFlags: 0
  m_CorrespondingSourceObject: {fileID: 0}
  m_PrefabInstance: {fileID: 0}
  m_PrefabAsset: {fileID: 0}
  serializedVersion: 6
  m_Component:
  - component: {fileID: 2080554827589206292}
  m_Layer: 0
  m_Name: brow1.R
  m_TagString: Untagged
  m_Icon: {fileID: 0}
  m_NavMeshLayer: 0
  m_StaticEditorFlags: 0
  m_IsActive: 1
--- !u!4 &2080554827589206292
Transform:
  m_ObjectHideFlags: 0
  m_CorrespondingSourceObject: {fileID: 0}
  m_PrefabInstance: {fileID: 0}
  m_PrefabAsset: {fileID: 0}
  m_GameObject: {fileID: 6833044666375924605}
  m_LocalRotation: {x: 3.637979e-12, y: -0.00000003178579, z: -3.1170812e-19, w: 1}
  m_LocalPosition: {x: 0.0022435212, y: 0.005037323, z: 0.0018208273}
  m_LocalScale: {x: 1, y: 1, z: 1}
  m_Children: []
  m_Father: {fileID: 2337603129376586450}
  m_RootOrder: 0
  m_LocalEulerAnglesHint: {x: 0, y: 0, z: 0}
--- !u!1 &6894353411662457781
GameObject:
  m_ObjectHideFlags: 0
  m_CorrespondingSourceObject: {fileID: 0}
  m_PrefabInstance: {fileID: 0}
  m_PrefabAsset: {fileID: 0}
  serializedVersion: 6
  m_Component:
  - component: {fileID: 2178762030436723336}
  m_Layer: 0
  m_Name: lid2.L
  m_TagString: Untagged
  m_Icon: {fileID: 0}
  m_NavMeshLayer: 0
  m_StaticEditorFlags: 0
  m_IsActive: 1
--- !u!4 &2178762030436723336
Transform:
  m_ObjectHideFlags: 0
  m_CorrespondingSourceObject: {fileID: 0}
  m_PrefabInstance: {fileID: 0}
  m_PrefabAsset: {fileID: 0}
  m_GameObject: {fileID: 6894353411662457781}
  m_LocalRotation: {x: -0.36439928, y: -0.00000029233263, z: 0.00000028815026, w: 0.9312428}
  m_LocalPosition: {x: 3.3896916e-10, y: 0.0012004416, z: 0.00051299226}
  m_LocalScale: {x: 0.9999999, y: 0.99999976, z: 0.9999999}
  m_Children: []
  m_Father: {fileID: 5675349820936493430}
  m_RootOrder: 5
  m_LocalEulerAnglesHint: {x: 0, y: 0, z: 0}
--- !u!1 &6978126321734937927
GameObject:
  m_ObjectHideFlags: 0
  m_CorrespondingSourceObject: {fileID: 0}
  m_PrefabInstance: {fileID: 0}
  m_PrefabAsset: {fileID: 0}
  serializedVersion: 6
  m_Component:
  - component: {fileID: 5273799595135163310}
  m_Layer: 0
  m_Name: thumb2.L
  m_TagString: Untagged
  m_Icon: {fileID: 0}
  m_NavMeshLayer: 0
  m_StaticEditorFlags: 0
  m_IsActive: 1
--- !u!4 &5273799595135163310
Transform:
  m_ObjectHideFlags: 0
  m_CorrespondingSourceObject: {fileID: 0}
  m_PrefabInstance: {fileID: 0}
  m_PrefabAsset: {fileID: 0}
  m_GameObject: {fileID: 6978126321734937927}
  m_LocalRotation: {x: -0.021010127, y: 0.04253812, z: -0.02730212, w: 0.9985007}
  m_LocalPosition: {x: 0.000000005066395, y: 0.0021470152, z: -0.0000000011920929}
  m_LocalScale: {x: 0.9999999, y: 1, z: 0.9999998}
  m_Children:
  - {fileID: 7262298411237283939}
  m_Father: {fileID: 8852154635026592137}
  m_RootOrder: 0
  m_LocalEulerAnglesHint: {x: 0, y: 0, z: 0}
--- !u!1 &7028073462598551277
GameObject:
  m_ObjectHideFlags: 0
  m_CorrespondingSourceObject: {fileID: 0}
  m_PrefabInstance: {fileID: 0}
  m_PrefabAsset: {fileID: 0}
  serializedVersion: 6
  m_Component:
  - component: {fileID: 4336569361545065269}
  m_Layer: 0
  m_Name: jaw
  m_TagString: Untagged
  m_Icon: {fileID: 0}
  m_NavMeshLayer: 0
  m_StaticEditorFlags: 0
  m_IsActive: 1
--- !u!4 &4336569361545065269
Transform:
  m_ObjectHideFlags: 0
  m_CorrespondingSourceObject: {fileID: 0}
  m_PrefabInstance: {fileID: 0}
  m_PrefabAsset: {fileID: 0}
  m_GameObject: {fileID: 7028073462598551277}
  m_LocalRotation: {x: -0.00000013977547, y: 0.97498554, z: -0.22226848, w: 0.00000023156743}
  m_LocalPosition: {x: 0.000010085764, y: -0.00590757, z: 0.0009524518}
  m_LocalScale: {x: 1, y: 0.9999997, z: 1}
  m_Children:
  - {fileID: 725146940523657905}
  - {fileID: 7661809496076764042}
  - {fileID: 7721530537019217848}
  m_Father: {fileID: 7151381759231695749}
  m_RootOrder: 0
  m_LocalEulerAnglesHint: {x: 0, y: 0, z: 0}
--- !u!1 &7050535314777611931
GameObject:
  m_ObjectHideFlags: 0
  m_CorrespondingSourceObject: {fileID: 0}
  m_PrefabInstance: {fileID: 0}
  m_PrefabAsset: {fileID: 0}
  serializedVersion: 6
  m_Component:
  - component: {fileID: 7721530537019217848}
  m_Layer: 0
  m_Name: mouth3.R
  m_TagString: Untagged
  m_Icon: {fileID: 0}
  m_NavMeshLayer: 0
  m_StaticEditorFlags: 0
  m_IsActive: 1
--- !u!4 &7721530537019217848
Transform:
  m_ObjectHideFlags: 0
  m_CorrespondingSourceObject: {fileID: 0}
  m_PrefabInstance: {fileID: 0}
  m_PrefabAsset: {fileID: 0}
  m_GameObject: {fileID: 7050535314777611931}
  m_LocalRotation: {x: -0.00000008952514, y: 0.9749855, z: -0.22226855, w: -0.0000006683645}
  m_LocalPosition: {x: 0.00095710065, y: 0.008515717, z: -0.0023708888}
  m_LocalScale: {x: 1, y: 1.0000001, z: 0.9999999}
  m_Children: []
  m_Father: {fileID: 4336569361545065269}
  m_RootOrder: 2
  m_LocalEulerAnglesHint: {x: 0, y: 0, z: 0}
--- !u!1 &7142024205808833725
GameObject:
  m_ObjectHideFlags: 0
  m_CorrespondingSourceObject: {fileID: 0}
  m_PrefabInstance: {fileID: 0}
  m_PrefabAsset: {fileID: 0}
  serializedVersion: 6
  m_Component:
  - component: {fileID: 2752324526731574369}
  m_Layer: 0
  m_Name: forearm.L
  m_TagString: Untagged
  m_Icon: {fileID: 0}
  m_NavMeshLayer: 0
  m_StaticEditorFlags: 0
  m_IsActive: 1
--- !u!4 &2752324526731574369
Transform:
  m_ObjectHideFlags: 0
  m_CorrespondingSourceObject: {fileID: 0}
  m_PrefabInstance: {fileID: 0}
  m_PrefabAsset: {fileID: 0}
  m_GameObject: {fileID: 7142024205808833725}
  m_LocalRotation: {x: 0.030591372, y: 0.0027884434, z: -0.0025051634, w: 0.99952495}
  m_LocalPosition: {x: -0.0000000037206336, y: 0.025090039, z: -2.2351741e-10}
  m_LocalScale: {x: 1, y: 0.9999999, z: 0.9999998}
  m_Children:
  - {fileID: 8582433467932951046}
  m_Father: {fileID: 5765981079358007053}
  m_RootOrder: 0
  m_LocalEulerAnglesHint: {x: 0, y: 0, z: 0}
--- !u!1 &7190652477229433981
GameObject:
  m_ObjectHideFlags: 0
  m_CorrespondingSourceObject: {fileID: 0}
  m_PrefabInstance: {fileID: 0}
  m_PrefabAsset: {fileID: 0}
  serializedVersion: 6
  m_Component:
  - component: {fileID: 4704832352117381493}
  m_Layer: 0
  m_Name: foot.R
  m_TagString: Untagged
  m_Icon: {fileID: 0}
  m_NavMeshLayer: 0
  m_StaticEditorFlags: 0
  m_IsActive: 1
--- !u!4 &4704832352117381493
Transform:
  m_ObjectHideFlags: 0
  m_CorrespondingSourceObject: {fileID: 0}
  m_PrefabInstance: {fileID: 0}
  m_PrefabAsset: {fileID: 0}
  m_GameObject: {fileID: 7190652477229433981}
  m_LocalRotation: {x: 0.67633086, y: 0.024367083, z: -0.024211332, w: 0.7357966}
  m_LocalPosition: {x: 1.11758706e-10, y: 0.04876856, z: -1.11758706e-10}
  m_LocalScale: {x: 0.9999998, y: 0.9999998, z: 0.9999999}
  m_Children:
  - {fileID: 8376447094752213439}
  m_Father: {fileID: 7045618064841055931}
  m_RootOrder: 0
  m_LocalEulerAnglesHint: {x: 0, y: 0, z: 0}
--- !u!1 &7344137141111338721
GameObject:
  m_ObjectHideFlags: 0
  m_CorrespondingSourceObject: {fileID: 0}
  m_PrefabInstance: {fileID: 0}
  m_PrefabAsset: {fileID: 0}
  serializedVersion: 6
  m_Component:
  - component: {fileID: 1724336035126912623}
  m_Layer: 0
  m_Name: middle3.L
  m_TagString: Untagged
  m_Icon: {fileID: 0}
  m_NavMeshLayer: 0
  m_StaticEditorFlags: 0
  m_IsActive: 1
--- !u!4 &1724336035126912623
Transform:
  m_ObjectHideFlags: 0
  m_CorrespondingSourceObject: {fileID: 0}
  m_PrefabInstance: {fileID: 0}
  m_PrefabAsset: {fileID: 0}
  m_GameObject: {fileID: 7344137141111338721}
  m_LocalRotation: {x: 0.0066298177, y: 0.00013423777, z: -0.010846715, w: 0.99991924}
  m_LocalPosition: {x: -0.0000000045541673, y: 0.002516054, z: -1.11758706e-10}
  m_LocalScale: {x: 0.9999998, y: 0.99999994, z: 0.99999994}
  m_Children: []
  m_Father: {fileID: 7898088629381345889}
  m_RootOrder: 0
  m_LocalEulerAnglesHint: {x: 0, y: 0, z: 0}
--- !u!1 &7353309646483494550
GameObject:
  m_ObjectHideFlags: 0
  m_CorrespondingSourceObject: {fileID: 0}
  m_PrefabInstance: {fileID: 0}
  m_PrefabAsset: {fileID: 0}
  serializedVersion: 6
  m_Component:
  - component: {fileID: 3103799548610025029}
  m_Layer: 0
  m_Name: eyesTarget.001
  m_TagString: Untagged
  m_Icon: {fileID: 0}
  m_NavMeshLayer: 0
  m_StaticEditorFlags: 0
  m_IsActive: 1
--- !u!4 &3103799548610025029
Transform:
  m_ObjectHideFlags: 0
  m_CorrespondingSourceObject: {fileID: 0}
  m_PrefabInstance: {fileID: 0}
  m_PrefabAsset: {fileID: 0}
  m_GameObject: {fileID: 7353309646483494550}
  m_LocalRotation: {x: 0, y: 0.000002026558, z: -0, w: 1}
  m_LocalPosition: {x: -0.0000006571588, y: 0.060071144, z: -0.15608726}
  m_LocalScale: {x: 1, y: 1, z: 1}
  m_Children: []
  m_Father: {fileID: 9147179360004999005}
  m_RootOrder: 0
  m_LocalEulerAnglesHint: {x: 0, y: 0, z: 0}
--- !u!1 &7442522734780262822
GameObject:
  m_ObjectHideFlags: 0
  m_CorrespondingSourceObject: {fileID: 0}
  m_PrefabInstance: {fileID: 0}
  m_PrefabAsset: {fileID: 0}
  serializedVersion: 6
  m_Component:
  - component: {fileID: 7045618064841055931}
  m_Layer: 0
  m_Name: shin.R
  m_TagString: Untagged
  m_Icon: {fileID: 0}
  m_NavMeshLayer: 0
  m_StaticEditorFlags: 0
  m_IsActive: 1
--- !u!4 &7045618064841055931
Transform:
  m_ObjectHideFlags: 0
  m_CorrespondingSourceObject: {fileID: 0}
  m_PrefabInstance: {fileID: 0}
  m_PrefabAsset: {fileID: 0}
  m_GameObject: {fileID: 7442522734780262822}
  m_LocalRotation: {x: -0.01133663, y: -0.043474656, z: -0.00012454188, w: 0.99899024}
  m_LocalPosition: {x: 3.4458936e-10, y: 0.04050602, z: -4.842877e-10}
  m_LocalScale: {x: 0.99999994, y: 1, z: 1.0000002}
  m_Children:
  - {fileID: 4704832352117381493}
  m_Father: {fileID: 1236049341688903937}
  m_RootOrder: 0
  m_LocalEulerAnglesHint: {x: 0, y: 0, z: 0}
--- !u!1 &7476965747953191016
GameObject:
  m_ObjectHideFlags: 0
  m_CorrespondingSourceObject: {fileID: 0}
  m_PrefabInstance: {fileID: 0}
  m_PrefabAsset: {fileID: 0}
  serializedVersion: 6
  m_Component:
  - component: {fileID: 8594455200565325837}
  m_Layer: 0
  m_Name: foot.L
  m_TagString: Untagged
  m_Icon: {fileID: 0}
  m_NavMeshLayer: 0
  m_StaticEditorFlags: 0
  m_IsActive: 1
--- !u!4 &8594455200565325837
Transform:
  m_ObjectHideFlags: 0
  m_CorrespondingSourceObject: {fileID: 0}
  m_PrefabInstance: {fileID: 0}
  m_PrefabAsset: {fileID: 0}
  m_GameObject: {fileID: 7476965747953191016}
  m_LocalRotation: {x: 0.6763343, y: -0.024277624, z: 0.024601113, w: 0.73578346}
  m_LocalPosition: {x: -1.11758706e-10, y: 0.048768308, z: 7.4505804e-11}
  m_LocalScale: {x: 0.9999999, y: 0.9999999, z: 0.99999994}
  m_Children:
  - {fileID: 4605847522234827541}
  m_Father: {fileID: 5071394596415651767}
  m_RootOrder: 0
  m_LocalEulerAnglesHint: {x: 0, y: 0, z: 0}
--- !u!1 &7533862481203688741
GameObject:
  m_ObjectHideFlags: 0
  m_CorrespondingSourceObject: {fileID: 0}
  m_PrefabInstance: {fileID: 0}
  m_PrefabAsset: {fileID: 0}
  serializedVersion: 6
  m_Component:
  - component: {fileID: 4642947886290235494}
  m_Layer: 0
  m_Name: root
  m_TagString: Untagged
  m_Icon: {fileID: 0}
  m_NavMeshLayer: 0
  m_StaticEditorFlags: 0
  m_IsActive: 1
--- !u!4 &4642947886290235494
Transform:
  m_ObjectHideFlags: 0
  m_CorrespondingSourceObject: {fileID: 0}
  m_PrefabInstance: {fileID: 0}
  m_PrefabAsset: {fileID: 0}
  m_GameObject: {fileID: 7533862481203688741}
  m_LocalRotation: {x: 0.9781094, y: -0.00000043741903, z: -0.0000020560449, w: -0.20809121}
  m_LocalPosition: {x: -0.00000041637958, y: 0.0034228927, z: -0.098814964}
  m_LocalScale: {x: 1, y: 1, z: 1.0000019}
  m_Children:
  - {fileID: 2758606311180726512}
  - {fileID: 1759332135265256155}
  m_Father: {fileID: 9147179360004999005}
  m_RootOrder: 4
  m_LocalEulerAnglesHint: {x: 0, y: 0, z: 0}
--- !u!1 &7761689003359078746
GameObject:
  m_ObjectHideFlags: 0
  m_CorrespondingSourceObject: {fileID: 0}
  m_PrefabInstance: {fileID: 0}
  m_PrefabAsset: {fileID: 0}
  serializedVersion: 6
  m_Component:
  - component: {fileID: 7747729761184202402}
  m_Layer: 0
  m_Name: mouth1.R
  m_TagString: Untagged
  m_Icon: {fileID: 0}
  m_NavMeshLayer: 0
  m_StaticEditorFlags: 0
  m_IsActive: 1
--- !u!4 &7747729761184202402
Transform:
  m_ObjectHideFlags: 0
  m_CorrespondingSourceObject: {fileID: 0}
  m_PrefabInstance: {fileID: 0}
  m_PrefabAsset: {fileID: 0}
  m_GameObject: {fileID: 7761689003359078746}
  m_LocalRotation: {x: 1.8189894e-12, y: 0.00000047683687, z: -3.2526055e-19, w: 1}
  m_LocalPosition: {x: -0.0022069656, y: 0.001879843, z: -0.000059873688}
  m_LocalScale: {x: 1, y: 0.9999999, z: 1}
  m_Children: []
  m_Father: {fileID: 7151381759231695749}
  m_RootOrder: 2
  m_LocalEulerAnglesHint: {x: 0, y: 0, z: 0}
--- !u!1 &7823207890372208636
GameObject:
  m_ObjectHideFlags: 0
  m_CorrespondingSourceObject: {fileID: 0}
  m_PrefabInstance: {fileID: 0}
  m_PrefabAsset: {fileID: 0}
  serializedVersion: 6
  m_Component:
  - component: {fileID: 5071394596415651767}
  m_Layer: 0
  m_Name: shin.L
  m_TagString: Untagged
  m_Icon: {fileID: 0}
  m_NavMeshLayer: 0
  m_StaticEditorFlags: 0
  m_IsActive: 1
--- !u!4 &5071394596415651767
Transform:
  m_ObjectHideFlags: 0
  m_CorrespondingSourceObject: {fileID: 0}
  m_PrefabInstance: {fileID: 0}
  m_PrefabAsset: {fileID: 0}
  m_GameObject: {fileID: 7823207890372208636}
  m_LocalRotation: {x: -0.011370573, y: 0.043673426, z: -0.00064352894, w: 0.998981}
  m_LocalPosition: {x: 0.0000000014761462, y: 0.04050625, z: -2.0489097e-10}
  m_LocalScale: {x: 1.0000001, y: 0.99999976, z: 0.99999994}
  m_Children:
  - {fileID: 8594455200565325837}
  m_Father: {fileID: 622249843511162401}
  m_RootOrder: 0
  m_LocalEulerAnglesHint: {x: 0, y: 0, z: 0}
--- !u!1 &7856084270245333029
GameObject:
  m_ObjectHideFlags: 0
  m_CorrespondingSourceObject: {fileID: 0}
  m_PrefabInstance: {fileID: 0}
  m_PrefabAsset: {fileID: 0}
  serializedVersion: 6
  m_Component:
  - component: {fileID: 1949485133369942895}
  m_Layer: 0
  m_Name: nose2.L
  m_TagString: Untagged
  m_Icon: {fileID: 0}
  m_NavMeshLayer: 0
  m_StaticEditorFlags: 0
  m_IsActive: 1
--- !u!4 &1949485133369942895
Transform:
  m_ObjectHideFlags: 0
  m_CorrespondingSourceObject: {fileID: 0}
  m_PrefabInstance: {fileID: 0}
  m_PrefabAsset: {fileID: 0}
  m_GameObject: {fileID: 7856084270245333029}
  m_LocalRotation: {x: -6.0523985e-17, y: 1, z: -3.63804e-12, w: 0.00000019470718}
  m_LocalPosition: {x: -0.0016420425, y: 0.009784369, z: -0.003550882}
  m_LocalScale: {x: 1, y: 1, z: 1}
  m_Children: []
  m_Father: {fileID: 2987311414611226273}
  m_RootOrder: 8
  m_LocalEulerAnglesHint: {x: 0, y: 0, z: 0}
--- !u!1 &8118971938838023634
GameObject:
  m_ObjectHideFlags: 0
  m_CorrespondingSourceObject: {fileID: 0}
  m_PrefabInstance: {fileID: 0}
  m_PrefabAsset: {fileID: 0}
  serializedVersion: 6
  m_Component:
  - component: {fileID: 1682724917303737959}
  m_Layer: 0
  m_Name: ring3.L
  m_TagString: Untagged
  m_Icon: {fileID: 0}
  m_NavMeshLayer: 0
  m_StaticEditorFlags: 0
  m_IsActive: 1
--- !u!4 &1682724917303737959
Transform:
  m_ObjectHideFlags: 0
  m_CorrespondingSourceObject: {fileID: 0}
  m_PrefabInstance: {fileID: 0}
  m_PrefabAsset: {fileID: 0}
  m_GameObject: {fileID: 8118971938838023634}
  m_LocalRotation: {x: -0.011989078, y: 0.00007333657, z: 0.0025289098, w: 0.99992496}
  m_LocalPosition: {x: 2.9802322e-10, y: 0.0024287796, z: 8.1490726e-12}
  m_LocalScale: {x: 0.9999998, y: 0.99999976, z: 0.9999999}
  m_Children: []
  m_Father: {fileID: 5888696225815526071}
  m_RootOrder: 0
  m_LocalEulerAnglesHint: {x: 0, y: 0, z: 0}
--- !u!1 &8406097289898518625
GameObject:
  m_ObjectHideFlags: 0
  m_CorrespondingSourceObject: {fileID: 0}
  m_PrefabInstance: {fileID: 0}
  m_PrefabAsset: {fileID: 0}
  serializedVersion: 6
  m_Component:
  - component: {fileID: 9147179360004999005}
  m_Layer: 0
  m_Name: Base
  m_TagString: Untagged
  m_Icon: {fileID: 0}
  m_NavMeshLayer: 0
  m_StaticEditorFlags: 0
  m_IsActive: 1
--- !u!4 &9147179360004999005
Transform:
  m_ObjectHideFlags: 0
  m_CorrespondingSourceObject: {fileID: 0}
  m_PrefabInstance: {fileID: 0}
  m_PrefabAsset: {fileID: 0}
  m_GameObject: {fileID: 8406097289898518625}
  m_LocalRotation: {x: 1, y: -9.1883776e-14, z: -0.0000021020558, w: -0.00000004371139}
  m_LocalPosition: {x: -0, y: -5.9604643e-10, z: -0.072703294}
  m_LocalScale: {x: 1, y: 1, z: 1}
  m_Children:
  - {fileID: 3103799548610025029}
  - {fileID: 6772448371864826858}
  - {fileID: 3105942097100765796}
  - {fileID: 6405886890976178210}
  - {fileID: 4642947886290235494}
  m_Father: {fileID: 5163843447963963645}
  m_RootOrder: 0
  m_LocalEulerAnglesHint: {x: 0, y: 0, z: 0}
--- !u!1 &8422582910127171674
GameObject:
  m_ObjectHideFlags: 0
  m_CorrespondingSourceObject: {fileID: 0}
  m_PrefabInstance: {fileID: 0}
  m_PrefabAsset: {fileID: 0}
  serializedVersion: 6
  m_Component:
  - component: {fileID: 5765981079358007053}
  m_Layer: 0
  m_Name: bicep.L
  m_TagString: Untagged
  m_Icon: {fileID: 0}
  m_NavMeshLayer: 0
  m_StaticEditorFlags: 0
  m_IsActive: 1
--- !u!4 &5765981079358007053
Transform:
  m_ObjectHideFlags: 0
  m_CorrespondingSourceObject: {fileID: 0}
  m_PrefabInstance: {fileID: 0}
  m_PrefabAsset: {fileID: 0}
  m_GameObject: {fileID: 8422582910127171674}
  m_LocalRotation: {x: 0.02175094, y: 0.02366575, z: 0.41177595, w: 0.9107181}
  m_LocalPosition: {x: -0.000000005273614, y: 0.008068178, z: 0}
  m_LocalScale: {x: 0.9999998, y: 0.9999999, z: 0.99999994}
  m_Children:
  - {fileID: 2752324526731574369}
  m_Father: {fileID: 2127633431264838998}
  m_RootOrder: 0
  m_LocalEulerAnglesHint: {x: 0, y: 0, z: 0}
--- !u!1 &8497621604385155552
GameObject:
  m_ObjectHideFlags: 0
  m_CorrespondingSourceObject: {fileID: 0}
  m_PrefabInstance: {fileID: 0}
  m_PrefabAsset: {fileID: 0}
  serializedVersion: 6
  m_Component:
  - component: {fileID: 8976438858897693988}
  m_Layer: 0
  m_Name: pointer3.L
  m_TagString: Untagged
  m_Icon: {fileID: 0}
  m_NavMeshLayer: 0
  m_StaticEditorFlags: 0
  m_IsActive: 1
--- !u!4 &8976438858897693988
Transform:
  m_ObjectHideFlags: 0
  m_CorrespondingSourceObject: {fileID: 0}
  m_PrefabInstance: {fileID: 0}
  m_PrefabAsset: {fileID: 0}
  m_GameObject: {fileID: 8497621604385155552}
  m_LocalRotation: {x: 0.026612205, y: 0.000021711847, z: -0.0037733628, w: 0.99963874}
  m_LocalPosition: {x: -0.0000000043492765, y: 0.00230535, z: -1.8626451e-11}
  m_LocalScale: {x: 0.99999976, y: 0.9999997, z: 0.9999998}
  m_Children: []
  m_Father: {fileID: 8043846077986341579}
  m_RootOrder: 0
  m_LocalEulerAnglesHint: {x: 0, y: 0, z: 0}
--- !u!1 &8697062943048408739
GameObject:
  m_ObjectHideFlags: 0
  m_CorrespondingSourceObject: {fileID: 0}
  m_PrefabInstance: {fileID: 0}
  m_PrefabAsset: {fileID: 0}
  serializedVersion: 6
  m_Component:
  - component: {fileID: 7394997457723511157}
  m_Layer: 0
  m_Name: shoulder.R
  m_TagString: Untagged
  m_Icon: {fileID: 0}
  m_NavMeshLayer: 0
  m_StaticEditorFlags: 0
  m_IsActive: 1
--- !u!4 &7394997457723511157
Transform:
  m_ObjectHideFlags: 0
  m_CorrespondingSourceObject: {fileID: 0}
  m_PrefabInstance: {fileID: 0}
  m_PrefabAsset: {fileID: 0}
  m_GameObject: {fileID: 8697062943048408739}
  m_LocalRotation: {x: 0.012784982, y: 0.047728684, z: -0.7128337, w: 0.6995903}
  m_LocalPosition: {x: 0.0035908867, y: 0.0032074514, z: -0.0013325637}
  m_LocalScale: {x: 1.0000001, y: 1.0000001, z: 1}
  m_Children:
  - {fileID: 1501904451017337047}
  m_Father: {fileID: 7091325231995089922}
  m_RootOrder: 2
  m_LocalEulerAnglesHint: {x: 0, y: 0, z: 0}
--- !u!1 &8872660912643939207
GameObject:
  m_ObjectHideFlags: 0
  m_CorrespondingSourceObject: {fileID: 0}
  m_PrefabInstance: {fileID: 0}
  m_PrefabAsset: {fileID: 0}
  serializedVersion: 6
  m_Component:
  - component: {fileID: 2507618134144490373}
  m_Layer: 0
  m_Name: neck
  m_TagString: Untagged
  m_Icon: {fileID: 0}
  m_NavMeshLayer: 0
  m_StaticEditorFlags: 0
  m_IsActive: 1
--- !u!4 &2507618134144490373
Transform:
  m_ObjectHideFlags: 0
  m_CorrespondingSourceObject: {fileID: 0}
  m_PrefabInstance: {fileID: 0}
  m_PrefabAsset: {fileID: 0}
  m_GameObject: {fileID: 8872660912643939207}
  m_LocalRotation: {x: 0.12744746, y: -8.360201e-15, z: -0.00000003038584, w: 0.9918453}
  m_LocalPosition: {x: -0, y: 0.008697728, z: 2.264855e-16}
  m_LocalScale: {x: 1, y: 1, z: 0.99999994}
  m_Children:
  - {fileID: 2987311414611226273}
  m_Father: {fileID: 7091325231995089922}
  m_RootOrder: 0
  m_LocalEulerAnglesHint: {x: 0, y: 0, z: 0}
--- !u!1 &8905857508314324269
GameObject:
  m_ObjectHideFlags: 0
  m_CorrespondingSourceObject: {fileID: 0}
  m_PrefabInstance: {fileID: 0}
  m_PrefabAsset: {fileID: 0}
  serializedVersion: 6
  m_Component:
  - component: {fileID: 1198639128940875725}
  m_Layer: 0
  m_Name: pointer1.R
  m_TagString: Untagged
  m_Icon: {fileID: 0}
  m_NavMeshLayer: 0
  m_StaticEditorFlags: 0
  m_IsActive: 1
--- !u!4 &1198639128940875725
Transform:
  m_ObjectHideFlags: 0
  m_CorrespondingSourceObject: {fileID: 0}
  m_PrefabInstance: {fileID: 0}
  m_PrefabAsset: {fileID: 0}
  m_GameObject: {fileID: 8905857508314324269}
  m_LocalRotation: {x: -0.052890323, y: -0.0036710752, z: -0.0607041, w: 0.9967468}
  m_LocalPosition: {x: 0.0010329402, y: 0.009186065, z: 0.0018442147}
  m_LocalScale: {x: 1, y: 0.9999999, z: 0.99999994}
  m_Children:
  - {fileID: 5788617896193783289}
  m_Father: {fileID: 6913929524479500649}
  m_RootOrder: 2
  m_LocalEulerAnglesHint: {x: 0, y: 0, z: 0}
--- !u!1 &9023903145377967837
GameObject:
  m_ObjectHideFlags: 0
  m_CorrespondingSourceObject: {fileID: 0}
  m_PrefabInstance: {fileID: 0}
  m_PrefabAsset: {fileID: 0}
  serializedVersion: 6
  m_Component:
  - component: {fileID: 2998254261487044581}
  m_Layer: 0
  m_Name: eye.L
  m_TagString: Untagged
  m_Icon: {fileID: 0}
  m_NavMeshLayer: 0
  m_StaticEditorFlags: 0
  m_IsActive: 1
--- !u!4 &2998254261487044581
Transform:
  m_ObjectHideFlags: 0
  m_CorrespondingSourceObject: {fileID: 0}
  m_PrefabInstance: {fileID: 0}
  m_PrefabAsset: {fileID: 0}
  m_GameObject: {fileID: 9023903145377967837}
  m_LocalRotation: {x: -0.03737522, y: 0.9993013, z: 0.000031003918, w: 0.0000026140342}
  m_LocalPosition: {x: 6.1750625e-11, y: 0.0012004443, z: 0.000000010863764}
  m_LocalScale: {x: 0.99999994, y: 0.9999998, z: 1}
  m_Children: []
  m_Father: {fileID: 5675349820936493430}
  m_RootOrder: 3
  m_LocalEulerAnglesHint: {x: 0, y: 0, z: 0}
--- !u!1 &9048516438807282593
GameObject:
  m_ObjectHideFlags: 0
  m_CorrespondingSourceObject: {fileID: 0}
  m_PrefabInstance: {fileID: 0}
  m_PrefabAsset: {fileID: 0}
  serializedVersion: 6
  m_Component:
  - component: {fileID: 4196372145607124668}
  m_Layer: 0
  m_Name: nose1.R
  m_TagString: Untagged
  m_Icon: {fileID: 0}
  m_NavMeshLayer: 0
  m_StaticEditorFlags: 0
  m_IsActive: 1
--- !u!4 &4196372145607124668
Transform:
  m_ObjectHideFlags: 0
  m_CorrespondingSourceObject: {fileID: 0}
  m_PrefabInstance: {fileID: 0}
  m_PrefabAsset: {fileID: 0}
  m_GameObject: {fileID: 9048516438807282593}
  m_LocalRotation: {x: 3.637979e-12, y: 0.00000047683693, z: -3.1170812e-19, w: 1}
  m_LocalPosition: {x: -0.001266876, y: 3.3702321e-10, z: 5.5751415e-10}
  m_LocalScale: {x: 1, y: 1, z: 1}
  m_Children: []
  m_Father: {fileID: 5580410198025243808}
  m_RootOrder: 1
  m_LocalEulerAnglesHint: {x: 0, y: 0, z: 0}
--- !u!1 &9048971510829470806
GameObject:
  m_ObjectHideFlags: 0
  m_CorrespondingSourceObject: {fileID: 0}
  m_PrefabInstance: {fileID: 0}
  m_PrefabAsset: {fileID: 0}
  serializedVersion: 6
  m_Component:
  - component: {fileID: 8032495883840209413}
  m_Layer: 0
  m_Name: pinky3.L
  m_TagString: Untagged
  m_Icon: {fileID: 0}
  m_NavMeshLayer: 0
  m_StaticEditorFlags: 0
  m_IsActive: 1
--- !u!4 &8032495883840209413
Transform:
  m_ObjectHideFlags: 0
  m_CorrespondingSourceObject: {fileID: 0}
  m_PrefabInstance: {fileID: 0}
  m_PrefabAsset: {fileID: 0}
  m_GameObject: {fileID: 9048971510829470806}
  m_LocalRotation: {x: 0.015691718, y: -0.00094597373, z: -0.033013757, w: 0.99933124}
  m_LocalPosition: {x: -0.000000004310277, y: 0.0019011868, z: -3.7252902e-11}
  m_LocalScale: {x: 0.9999998, y: 0.99999976, z: 0.9999998}
  m_Children: []
  m_Father: {fileID: 170486134610033648}
  m_RootOrder: 0
  m_LocalEulerAnglesHint: {x: 0, y: 0, z: 0}
--- !u!1 &9059961668808786078
GameObject:
  m_ObjectHideFlags: 0
  m_CorrespondingSourceObject: {fileID: 0}
  m_PrefabInstance: {fileID: 0}
  m_PrefabAsset: {fileID: 0}
  serializedVersion: 6
  m_Component:
  - component: {fileID: 9167339960867489270}
  m_Layer: 0
  m_Name: brow1.L
  m_TagString: Untagged
  m_Icon: {fileID: 0}
  m_NavMeshLayer: 0
  m_StaticEditorFlags: 0
  m_IsActive: 1
--- !u!4 &9167339960867489270
Transform:
  m_ObjectHideFlags: 0
  m_CorrespondingSourceObject: {fileID: 0}
  m_PrefabInstance: {fileID: 0}
  m_PrefabAsset: {fileID: 0}
  m_GameObject: {fileID: 9059961668808786078}
  m_LocalRotation: {x: 3.637979e-12, y: -2.5579538e-13, z: 5.556536e-19, w: 1}
  m_LocalPosition: {x: -0.0022435214, y: 0.005037323, z: 0.0018208271}
  m_LocalScale: {x: 1, y: 1, z: 1}
  m_Children: []
  m_Father: {fileID: 5675349820936493430}
  m_RootOrder: 0
  m_LocalEulerAnglesHint: {x: 0, y: 0, z: 0}
--- !u!1 &9080987262433113409
GameObject:
  m_ObjectHideFlags: 0
  m_CorrespondingSourceObject: {fileID: 0}
  m_PrefabInstance: {fileID: 0}
  m_PrefabAsset: {fileID: 0}
  serializedVersion: 6
  m_Component:
  - component: {fileID: 1172486857644041215}
  m_Layer: 0
  m_Name: ring1.L
  m_TagString: Untagged
  m_Icon: {fileID: 0}
  m_NavMeshLayer: 0
  m_StaticEditorFlags: 0
  m_IsActive: 1
--- !u!4 &1172486857644041215
Transform:
  m_ObjectHideFlags: 0
  m_CorrespondingSourceObject: {fileID: 0}
  m_PrefabInstance: {fileID: 0}
  m_PrefabAsset: {fileID: 0}
  m_GameObject: {fileID: 9080987262433113409}
  m_LocalRotation: {x: -0.05179804, y: 0.0075339535, z: 0.09288994, w: 0.9942996}
  m_LocalPosition: {x: -0.0010362405, y: 0.009160242, z: -0.002116469}
  m_LocalScale: {x: 1.0000001, y: 1, z: 1}
  m_Children:
  - {fileID: 5888696225815526071}
  m_Father: {fileID: 8582433467932951046}
  m_RootOrder: 3
  m_LocalEulerAnglesHint: {x: 0, y: 0, z: 0}
--- !u!1 &9102063429041308380
GameObject:
  m_ObjectHideFlags: 0
  m_CorrespondingSourceObject: {fileID: 0}
  m_PrefabInstance: {fileID: 0}
  m_PrefabAsset: {fileID: 0}
  serializedVersion: 6
  m_Component:
  - component: {fileID: 2002457030767952313}
  m_Layer: 0
  m_Name: spine2
  m_TagString: Untagged
  m_Icon: {fileID: 0}
  m_NavMeshLayer: 0
  m_StaticEditorFlags: 0
  m_IsActive: 1
--- !u!4 &2002457030767952313
Transform:
  m_ObjectHideFlags: 0
  m_CorrespondingSourceObject: {fileID: 0}
  m_PrefabInstance: {fileID: 0}
  m_PrefabAsset: {fileID: 0}
  m_GameObject: {fileID: 9102063429041308380}
  m_LocalRotation: {x: -0.11561618, y: -0.00000023681974, z: 9.973614e-14, w: 0.993294}
  m_LocalPosition: {x: -1.4210854e-16, y: 0.01173774, z: -2.9802344e-10}
  m_LocalScale: {x: 0.99999994, y: 0.99999994, z: 0.9999998}
  m_Children:
  - {fileID: 6182212159205366532}
  m_Father: {fileID: 1759332135265256155}
  m_RootOrder: 2
  m_LocalEulerAnglesHint: {x: 0, y: 0, z: 0}
